3502 5264
639 355 725 413 Anno
747 367 835 433 1510.
862 388 902 397 -
926 355 976 416 ro.
1004 353 1115 414 martii.

712 566 910 627 Laurencius
934 580 1033 629 sutor.

712 673 868 733 Martinus
892 691 1014 754 sporar.

711 777 887 859 Gregorius
910 798 1030 859 sporar.

712 885 920 946 Laurencius.

708 990 889 1072 Stephanus
912 1004 1011 1053 sutor.

709 1096 820 1158 Petrus
842 1116 941 1178 gener
964 1097 1146 1178 Augustini.

709 1201 870 1284 Georgius
894 1201 1092 1265 Lutinischa.

709 1309 855 1370 Thomas
882 1323 981 1371 sutor.

709 1415 855 1476 Thomas
880 1415 1028 1498 Kerelya.

710 1521 824 1583 Berlelr
850 1521 888 1582 de
914 1522 1067 1584 Klanecz.

710 1626 881 1689 lohannes.

709 1733 865 1795 Martinus
888 1747 1004 1795 sartor.

707 1839 897 1901 Valentinus
922 1839 1073 1922 lrenipar.

710 1945 901 2027 Stephanus.

350 2090 460 2151 Petrus
484 2086 622 2150 carnifex
646 2089 788 2150 secundo
813 2108 878 2149 non
903 2088 1085 2169 comparuit
1108 2088 1231 2149 citatus.

639 2305 734 2379 Feria
763 2307 870 2380 tercia
900 2318 975 2397 post
1005 2305 1110 2378 Oculi.

779 2464 820 2537 (5.
844 2463 966 2536 martir).

349 2603 527 2686 Gregorius
553 2603 714 2685 Sabotzky
739 2602 844 2684 primo
869 2603 982 2663 citatus
1006 2621 1071 2664 non
1097 2602 1285 2684 comparuit.

419 2805 566 2876 Sabbato
596 2803 647 2875 die
676 2806 828 2892 proximo
859 2813 936 2874 ante
965 2801 1164 2874 dominicam
1192 2803 1325 2892 Judica.

768 2953 833 3028 (16.
857 2957 979 3030 martit).

349 3099 501 3162 Seniores
525 3097 646 3171 iudices
663 3116 789 3158 causam
813 3096 893 3157 inter
910 3096 1064 3158 discretos
1080 3095 1231 3157 dominos
1256 3094 1451 3177 Gregorium
1477 3109 1510 3158 et

243 3205 422 3266 iohannem
448 3203 641 3285 presbiteros
668 3201 941 3285 Rosyalrowichky
965 3201 1052 3277 dicti,
1077 3220 1112 3262 ac
1138 3201 1317 3263 iohannem
1350 3219 1509 3281 generum

244 3329 356 3372 eorum
389 3328 447 3370 nec
482 3327 546 3369 non
571 3307 724 3369 Mathiam
758 3305 935 3388 Gosponne
968 3307 1115 3368 vitricum
1148 3307 1291 3388 ipsorum
1324 3307 1454 3369 racione
1478 3320 1511 3369 et

243 3428 389 3498 pretextu
421 3413 636 3495 quorumdam
671 3415 829 3473 bonorum
861 3412 1010 3473 videlicet
1042 3413 1176 3490 domus,
1208 3414 1312 3492 vinee,
1336 3411 1446 3494 (b)orti
1478 3426 1511 3475 et

244 3522 468 3583 clenodiorum
493 3520 611 3580 domus
634 3539 669 3580 ac
694 3519 840 3580 omnium
863 3520 1022 3580 bonorum
1042 3519 1212 3580 mobilium
1239 3518 1389 3581 videlicet
1412 3532 1445 3581 et
1460 3518 1508 3580 in·

245 3626 415 3688 mobilium
441 3625 556 3706 quovis
580 3625 680 3684 eciam
703 3625 843 3684 nominis
860 3625 1018 3685 vocabulo
1035 3625 1259 3702 moratorum,
1284 3643 1424 3706 quorum
1449 3625 1509 3687 bo·

243 3751 359 3793 norum
384 3731 529 3792 omnium
556 3730 759 3790 medietatem
779 3731 866 3811 prius
888 3750 943 3811 per
967 3729 1105 3811 prelatos
1123 3732 1316 3812 presbiteros
1332 3744 1364 3793 et
1388 3729 1509 3793 Kathe·

243 3837 344 3899 rinam
364 3836 500 3898 condam
517 3851 650 3897 matrem
666 3837 806 3916 ipsorum
821 3850 945 3916 sponte,
963 3835 1160 3917 oraculoque
1173 3837 1244 3897 vive
1262 3837 1350 3899 vocis
1363 3836 1509 3918 ipsorum

243 3962 352 4005 coram
378 3942 482 4019 judice
515 3957 632 4002 eorunc
662 3941 814 4001 existente
848 3938 972 4021 prefato
1009 3942 1128 4002 blathie
1161 3940 1337 4023 Gosponne
1362 3939 1445 4003 fassa
1477 3956 1510 4005 et

244 4050 362 4109 donata
395 4048 563 4129 propinata
596 4046 719 4122 existit,
750 4065 845 4126 super
876 4046 1074 4126 quaquidem
1107 4048 1277 4110 medietate
1309 4046 1508 4131 prelatorum

242 4154 388 4215 omnium
422 4154 580 4215 bonorum
608 4152 696 4212 litere
728 4167 909 4232 opportune
941 4171 1038 4232 penes
1071 4154 1335 4215 consvetudinern
1369 4153 1510 4217 civitatis

242 4275 389 4323 emanstc
415 4260 564 4335 existunt,
589 4279 687 4340 penes
719 4278 798 4338 quas
822 4257 929 4319 literas
961 4259 1178 4340 privilegiales
1210 4280 1269 4321 nos
1290 4260 1434 4322 seniores
1457 4259 1509 4343 ju·

243 4369 330 4429 dices
347 4365 469 4449 prelato
488 4367 607 4428 blathie
626 4365 802 4446 Gosponne
820 4365 936 4424 dictam
957 4365 1160 4426 medietatem
1179 4367 1327 4429 omnium
1343 4368 1509 4432 bonorum

243 4473 448 4536 inmobilium
474 4472 696 4543 adjudicamus
720 4472 858 4551 exceptis
882 4471 1046 4531 dumtaxat
1075 4474 1170 4532 rebus
1195 4473 1372 4534 mobilibus
1394 4487 1427 4536 et
1450 4493 1509 4558 pe·

241 4579 345 4642 cuniis
367 4579 478 4639 divisis
503 4597 558 4659 per
582 4574 720 4658 prelatos
745 4577 937 4657 presbiteros
961 4595 996 4637 ac
1024 4577 1146 4637 dictum
1172 4578 1328 4641 Matbiem
1351 4579 1442 4662 prius
1456 4580 1508 4645 di·

241 4684 328 4759 visis,
352 4683 392 4747 de
426 4683 677 4765 quibusquidem
707 4684 801 4743 rebus
833 4682 1009 4743 mobilibus
1039 4682 1155 4763 quovis
1179 4685 1321 4747 nominis
1344 4687 1508 4752 vocabulo

242 4791 390 4853 vocitatis
412 4790 453 4852 de
478 4803 613 4871 utreque
638 4802 726 4870 parte
750 4785 874 4870 prelato
894 4785 1032 4849 Jobsnni
1057 4802 1088 4850 et
1112 4807 1169 4871 per
1191 4808 1395 4874 consequeus
1410 4794 1508 4859 uxori
