3502 5264
637 316 723 373 Anno
746 327 831 390 1511.
855 349 900 359 -
921 329 974 389 29.
998 319 1124 391 augusti.

712 526 857 587 Thomas
885 541 989 590 sutor..

714 634 876 694 Fabianus
901 633 1048 697 Odeuen.

715 740 895 822 Stephanus
916 741 1117 823 Sthephycza

713 846 875 908 lohannes
900 846 1156 930 Thyslarychne.

713 952 858 1013 Thomas
882 966 979 1015 sutor.

696 1056 888 1138 'Gregwrek
913 1072 1011 1121 sutor.

713 1163 858 1226 Thomas
883 1164 1008 1227 Kerela.

713 1270 881 1331 ladislaus
905 1284 1003 1332 sutor.

714 1377 825 1438 Petrus
851 1396 950 1457 gener
975 1377 1095 1439 Benak.

712 1482 848 1544 Michael
874 1480 1024 1565 frenipar.

710 1589 804 1650 Vitus
832 1590 986 1652 Kranecz.

710 1695 856 1758 Andreas
885 1695 983 1758 saber.

711 1801 895 1863 Anthonius
918 1817 1018 1864 sutor.

712 1908 857 1969 Thomas
882 1907 976 1968 frater
1001 1908 1158 1970 Thothar.

243 2112 339 2183 Feria
369 2120 467 2182 serta
498 2110 529 2181 in
549 2121 669 2183 octava
691 2109 943 2199 hssumpeionis
963 2113 1060 2182 beate
1080 2111 1183 2183 llarie
1202 2132 1333 2200 semper
1351 2114 1509 2201 virginis.

755 2267 817 2335 (22.
841 2263 987 2342 auguste).

350 2387 455 2448 Causa
481 2387 562 2447 inter
587 2386 751 2447 dominam
778 2385 1014 2466 Margaretham
1046 2387 1190 2448 relictam
1214 2386 1352 2447 condam
1377 2386 1505 2448 Paulini

245 2493 429 2576 Mylethych
444 2507 474 2553 et
487 2492 630 2553 nobilem
650 2491 829 2572 Georgium
848 2490 949 2552 filium
968 2493 1105 2553 condam
1118 2492 1272 2574 Stephani
1291 2491 1508 2575 Betizlawych

243 2615 273 2662 et
298 2600 443 2661 relictam
468 2599 612 2659 eiusdem
633 2598 785 2679 Stephani
812 2599 940 2659 racione
958 2613 988 2660 et
1005 2613 1149 2680 pretextu
1168 2598 1334 2660 cuiusdam
1359 2597 1508 2659 chathme

242 2720 353 2767 vocate
379 2706 418 2767 de
436 2724 576 2787 purpura
595 2703 687 2781 lacte,
705 2704 743 2765 de
762 2706 921 2785 rebusque
939 2704 1020 2781 aliis,
1038 2724 1096 2765 nec
1114 2723 1178 2764 non
1196 2703 1363 2765 cuiusdam
1381 2704 1505 2784 quanti·

242 2812 315 2874 tatis
340 2813 417 2890 vini,
451 2811 504 2872 ubi
537 2809 677 2892 prefatus
709 2810 845 2871 condam
880 2809 1060 2891 Stephanus
1092 2809 1310 2894 Berizlawych
1343 2810 1375 2870 in
1408 2809 1507 2871 domo

243 2919 387 2981 eiusdem
413 2918 544 2978 domine
571 2917 668 2977 Lucie
687 2916 751 2977 illic
770 2916 800 2976 in
827 2916 953 2976 civitate
979 2916 1011 2976 in
1029 2914 1212 2976 infirmitate
1230 2916 1414 3005 laborasset,
1431 2929 1507 2979 tunc

243 3017 327 3086 idem
354 3025 489 3085 condam
518 3022 698 3104 Stephanus
723 3022 804 3082 inter
837 3037 937 3082 certas
960 3041 1033 3082 suas
1065 3041 1113 3081 res
1145 3019 1299 3101 prefatam
1325 3021 1506 3082 chathtnam

243 3132 327 3192 dicte
353 3131 484 3191 domine
510 3128 710 3209 Margarethe
728 3128 868 3209 reliquit,
892 3128 946 3188 ubi
965 3127 1058 3207 jurati
1076 3147 1174 3209 penes
1194 3127 1416 3188 testimonium
1433 3146 1506 3209 pro-

242 3237 373 3298 ductum
400 3236 624 3316 adjudicarunt
648 3247 678 3294 et
710 3253 808 3316 penes
840 3247 992 3294 statutum
1022 3233 1158 3295 civitatis
1189 3233 1297 3294 omnia
1324 3253 1417 3315 posse
1448 3233 1505 3294 do·

243 3363 318 3403 nare
344 3357 374 3402 er
391 3341 556 3424 presertim
575 3360 624 3401 res
640 3340 789 3417 mobiles,
814 3340 855 3399 ob
873 3338 933 3400 hoc
951 3338 1107 3419 prefatam
1127 3338 1308 3400 chathmam
1335 3353 1366 3400 et
1382 3340 1503 3401 dictum

242 3450 353 3512 vinum
378 3448 489 3508 eedem
516 3446 647 3507 domine
673 3445 873 3526 Margarethe
906 3444 1129 3526 adjudicarunt
1161 3464 1259 3527 penes
1282 3445 1503 3506 testimonium

242 3555 445 3636 productum.

242 3723 337 3796 Feria
367 3736 464 3794 sexta
493 3723 572 3793 ante
601 3723 722 3792 festum
746 3719 945 3791 Natiuitatis
965 3721 1060 3790 beate
1081 3713 1183 3791 llarie
1203 3740 1333 3809 semper
1352 3718 1502 3808 virginis.

747 3884 784 3950 (5.
809 3873 993 3946 septembris).

348 3999 470 4059 Relicta
496 3997 599 4058 Ratha
625 3998 729 4078 primo
762 3997 855 4057 citata
888 3995 926 4055 ad
953 3994 1139 4054 instanciam
1173 3993 1297 4054 Nicolai
1331 3994 1504 4074 pulsatoris

242 4123 305 4164 non
332 4105 522 4185 comparuit.

294 4288 388 4359 Feria
418 4300 513 4359 sexta
544 4291 576 4356 in
605 4288 691 4357 lesto
719 4283 945 4358 Decolaciouis
974 4281 1063 4353 beati
1091 4282 1254 4371 Johannis
1284 4282 1447 4371 baptiste.

740 4427 807 4500 (29.
838 4421 978 4495 augum).

795 4563 942 4638 (Scheda).

348 4687 495 4760 Quedam
521 4707 615 4748 causa
646 4706 709 4768 que
735 4687 816 4748 inter
847 4683 1035 4764 jobagiones
1068 4693 1193 4742 nostros
1224 4679 1263 4739 de
1288 4678 1436 4743 Grachan
1469 4699 1500 4746 et

238 4793 426 4876 jobagionea
450 4792 653 4874 episcopatus
669 4792 709 4852 de
734 4789 873 4853 lwenich
889 4787 1043 4851 ventilata
1067 4800 1099 4848 et
1121 4798 1220 4864 mota,
1243 4784 1275 4846 in
1300 4787 1498 4867 quaquidem
