<?xml version="1.0" encoding="UTF-8"?>
<!DOCTYPE html PUBLIC "-//W3C//DTD XHTML 1.0 Transitional//EN"
    "http://www.w3.org/TR/xhtml1/DTD/xhtml1-transitional.dtd">
<html xmlns="http://www.w3.org/1999/xhtml" xml:lang="en" lang="en">
 <head>
  <title>
</title>
<meta http-equiv="Content-Type" content="text/html;charset=utf-8" />
  <meta name='ocr-system' content='tesseract 3.04.00' />
  <meta name='ocr-capabilities' content='ocr_page ocr_carea ocr_par ocr_line ocrx_word'/>
</head>
<body>
  <div class='ocr_page' id='page_1' title='image "./monumentahistor03laszgoog_0287.png"; bbox 0 0 3502 5264; ppageno 0'>
   <div class='ocr_carea' id='block_1_1' title="bbox 250 555 1519 1383">
    <p class='ocr_par' dir='ltr' id='par_1_1' title="bbox 251 555 1519 744">
     <span class='ocr_line' id='line_1_1' title="bbox 357 555 1519 640; baseline 0 -23"><span class='ocrx_word' id='word_1_1' title='bbox 357 556 405 633; x_wconf 87' lang='lat' dir='ltr'>(ln</span> <span class='ocrx_word' id='word_1_2' title='bbox 428 559 578 632; x_wconf 74' lang='lat' dir='ltr'>margine:</span> <span class='ocrx_word' id='word_1_3' title='bbox 595 555 785 617; x_wconf 82' lang='lat' dir='ltr'>Valentinus</span> <span class='ocrx_word' id='word_1_4' title='bbox 802 557 906 637; x_wconf 92' lang='lat' dir='ltr'>primo</span> <span class='ocrx_word' id='word_1_5' title='bbox 926 555 1035 617; x_wconf 91' lang='lat' dir='ltr'>citavit</span> <span class='ocrx_word' id='word_1_6' title='bbox 1057 575 1189 618; x_wconf 90' lang='lat' dir='ltr'>uxorem</span> <span class='ocrx_word' id='word_1_7' title='bbox 1208 557 1349 640; x_wconf 82' lang='lat' dir='ltr'>Dragyn,</span> <span class='ocrx_word' id='word_1_8' title='bbox 1367 557 1435 639; x_wconf 90' lang='lat' dir='ltr'>ipsa</span> <span class='ocrx_word' id='word_1_9' title='bbox 1452 576 1519 619; x_wconf 90' lang='lat' dir='ltr'>non</span> 
     </span>
     <span class='ocr_line' id='line_1_2' title="bbox 251 662 454 744; baseline 0.005 -21"><span class='ocrx_word' id='word_1_10' title='bbox 251 662 454 744; x_wconf 82' lang='lat' dir='ltr'>comparuit).</span> 
     </span>
    </p>

    <p class='ocr_par' dir='ltr' id='par_1_2' title="bbox 250 767 1519 1063">
     <span class='ocr_line' id='line_1_3' title="bbox 357 767 1519 851; baseline 0.002 -21"><span class='ocrx_word' id='word_1_11' title='bbox 357 769 434 830; x_wconf 89' lang='lat' dir='ltr'>Item</span> <span class='ocrx_word' id='word_1_12' title='bbox 460 768 537 829; x_wconf 90' lang='lat' dir='ltr'>feria</span> <span class='ocrx_word' id='word_1_13' title='bbox 563 769 658 829; x_wconf 91' lang='lat' dir='ltr'>tercia</span> <span class='ocrx_word' id='word_1_14' title='bbox 692 782 763 850; x_wconf 90' lang='lat' dir='ltr'>post</span> <span class='ocrx_word' id='word_1_15' title='bbox 788 768 1026 851; x_wconf 91' lang='lat' dir='ltr'>Concepcionis</span> <span class='ocrx_word' id='word_1_16' title='bbox 1059 770 1168 831; x_wconf 84' lang='lat' dir='ltr'>Maris.</span> <span class='ocrx_word' id='word_1_17' title='bbox 1195 767 1302 831; x_wconf 87' lang='lat' dir='ltr'>Causa</span> <span class='ocrx_word' id='word_1_18' title='bbox 1327 789 1389 851; x_wconf 87' lang='lat' dir='ltr'>que</span> <span class='ocrx_word' id='word_1_19' title='bbox 1414 784 1519 832; x_wconf 86' lang='lat' dir='ltr'>verte·</span> 
     </span>
     <span class='ocr_line' id='line_1_4' title="bbox 250 872 1519 955; baseline 0.003 -21"><span class='ocrx_word' id='word_1_20' title='bbox 250 877 342 935; x_wconf 92' lang='lat' dir='ltr'>batur</span> <span class='ocrx_word' id='word_1_21' title='bbox 367 875 448 935; x_wconf 86' lang='lat' dir='ltr'>inter</span> <span class='ocrx_word' id='word_1_22' title='bbox 473 873 667 955; x_wconf 80' lang='lat' dir='ltr'>Gregorium</span> <span class='ocrx_word' id='word_1_23' title='bbox 693 873 874 936; x_wconf 89' lang='lat' dir='ltr'>carnificem</span> <span class='ocrx_word' id='word_1_24' title='bbox 904 890 934 935; x_wconf 88' lang='lat' dir='ltr'>et</span> <span class='ocrx_word' id='word_1_25' title='bbox 961 874 1080 935; x_wconf 89' lang='lat' dir='ltr'>Duram</span> <span class='ocrx_word' id='word_1_26' title='bbox 1107 872 1206 936; x_wconf 86' lang='lat' dir='ltr'>filiam</span> <span class='ocrx_word' id='word_1_27' title='bbox 1233 875 1323 937; x_wconf 90' lang='lat' dir='ltr'>Pauli</span> <span class='ocrx_word' id='word_1_28' title='bbox 1349 874 1519 955; x_wconf 88' lang='lat' dir='ltr'>camificis,</span> 
     </span>
     <span class='ocr_line' id='line_1_5' title="bbox 251 979 942 1063; baseline 0.006 -24"><span class='ocrx_word' id='word_1_29' title='bbox 251 979 344 1058; x_wconf 79' lang='lat' dir='ltr'>jurati</span> <span class='ocrx_word' id='word_1_30' title='bbox 370 979 604 1059; x_wconf 76' lang='lat' dir='ltr'>adjudicarunt,</span> <span class='ocrx_word' id='word_1_31' title='bbox 630 981 725 1060; x_wconf 73' lang='lat' dir='ltr'>quod,</span> <span class='ocrx_word' id='word_1_32' title='bbox 743 981 809 1063; x_wconf 92' lang='lat' dir='ltr'>ipsa</span> <span class='ocrx_word' id='word_1_33' title='bbox 836 983 942 1058; x_wconf 84' lang='lat' dir='ltr'><em>(deest).</em></span> 
     </span>
    </p>

    <p class='ocr_par' dir='ltr' id='par_1_3' title="bbox 355 1086 1164 1169">
     <span class='ocr_line' id='line_1_6' title="bbox 355 1086 1164 1169; baseline 0.001 -21"><span class='ocrx_word' id='word_1_34' title='bbox 355 1086 433 1148; x_wconf 83' lang='lat' dir='ltr'>Item</span> <span class='ocrx_word' id='word_1_35' title='bbox 460 1088 527 1168; x_wconf 91' lang='lat' dir='ltr'>ipsa</span> <span class='ocrx_word' id='word_1_36' title='bbox 552 1105 631 1147; x_wconf 89' lang='lat' dir='ltr'>uxor</span> <span class='ocrx_word' id='word_1_37' title='bbox 656 1087 731 1148; x_wconf 91' lang='lat' dir='ltr'>dicti</span> <span class='ocrx_word' id='word_1_38' title='bbox 757 1087 919 1169; x_wconf 83' lang='lat' dir='ltr'>appelavit</span> <span class='ocrx_word' id='word_1_39' title='bbox 943 1087 982 1147; x_wconf 93' lang='lat' dir='ltr'>ad</span> <span class='ocrx_word' id='word_1_40' title='bbox 1011 1088 1164 1150; x_wconf 81' lang='lat' dir='ltr'>seniores.</span> 
     </span>
    </p>

    <p class='ocr_par' dir='ltr' id='par_1_4' title="bbox 358 1191 1265 1274">
     <span class='ocr_line' id='line_1_7' title="bbox 358 1191 1265 1274; baseline 0.006 -23"><span class='ocrx_word' id='word_1_41' title='bbox 358 1191 435 1251; x_wconf 92' lang='lat' dir='ltr'>ltem</span> <span class='ocrx_word' id='word_1_42' title='bbox 461 1193 528 1273; x_wconf 94' lang='lat' dir='ltr'>ipse</span> <span class='ocrx_word' id='word_1_43' title='bbox 553 1191 699 1253; x_wconf 86' lang='lat' dir='ltr'>Thomas</span> <span class='ocrx_word' id='word_1_44' title='bbox 725 1193 850 1253; x_wconf 87' lang='lat' dir='ltr'>Horuat</span> <span class='ocrx_word' id='word_1_45' title='bbox 874 1193 913 1254; x_wconf 90' lang='lat' dir='ltr'>ad</span> <span class='ocrx_word' id='word_1_46' title='bbox 936 1194 1078 1255; x_wconf 86' lang='lat' dir='ltr'>seniores</span> <span class='ocrx_word' id='word_1_47' title='bbox 1102 1194 1265 1274; x_wconf 85' lang='lat' dir='ltr'>apellavit.</span> 
     </span>
    </p>

    <p class='ocr_par' dir='ltr' id='par_1_5' title="bbox 356 1296 1392 1383">
     <span class='ocr_line' id='line_1_8' title="bbox 356 1296 1392 1383; baseline 0.006 -26"><span class='ocrx_word' id='word_1_48' title='bbox 356 1297 432 1358; x_wconf 92' lang='lat' dir='ltr'>ltem</span> <span class='ocrx_word' id='word_1_49' title='bbox 459 1298 526 1380; x_wconf 91' lang='lat' dir='ltr'>ipse</span> <span class='ocrx_word' id='word_1_50' title='bbox 552 1296 728 1380; x_wconf 85' lang='lat' dir='ltr'>Gregorius</span> <span class='ocrx_word' id='word_1_51' title='bbox 745 1297 884 1360; x_wconf 83' lang='lat' dir='ltr'>carnifex</span> <span class='ocrx_word' id='word_1_52' title='bbox 908 1299 947 1360; x_wconf 91' lang='lat' dir='ltr'>ad</span> <span class='ocrx_word' id='word_1_53' title='bbox 974 1300 1116 1361; x_wconf 85' lang='lat' dir='ltr'>seniores</span> <span class='ocrx_word' id='word_1_54' title='bbox 1140 1301 1301 1383; x_wconf 89' lang='lat' dir='ltr'>apellavit.</span> <span class='ocrx_word' id='word_1_55' title='bbox 1389 1375 1392 1378; x_wconf 29' lang='lat'>,</span> 
     </span>
    </p>
   </div>
   <div class='ocr_carea' id='block_1_2' title="bbox 240 1493 1514 3846">
    <p class='ocr_par' dir='ltr' id='par_1_6' title="bbox 849 1493 904 1559">
     <span class='ocr_line' id='line_1_9' title="bbox 849 1493 904 1559; baseline -0.055 0"><span class='ocrx_word' id='word_1_56' title='bbox 849 1493 904 1559; x_wconf 79' lang='lat' dir='ltr'>lli.</span> 
     </span>
    </p>

    <p class='ocr_par' dir='ltr' id='par_1_7' title="bbox 246 1635 1514 2655">
     <span class='ocr_line' id='line_1_10' title="bbox 356 1635 1514 1719; baseline 0 -23"><span class='ocrx_word' id='word_1_57' title='bbox 356 1635 448 1696; x_wconf 86' lang='lat' dir='ltr'>Feria</span> <span class='ocrx_word' id='word_1_58' title='bbox 466 1649 551 1696; x_wconf 91' lang='lat' dir='ltr'>sexta</span> <span class='ocrx_word' id='word_1_59' title='bbox 576 1635 721 1717; x_wconf 89' lang='lat' dir='ltr'>proxima</span> <span class='ocrx_word' id='word_1_60' title='bbox 740 1649 812 1715; x_wconf 89' lang='lat' dir='ltr'>post</span> <span class='ocrx_word' id='word_1_61' title='bbox 828 1652 956 1696; x_wconf 90' lang='lat' dir='ltr'>octavas</span> <span class='ocrx_word' id='word_1_62' title='bbox 981 1635 1051 1696; x_wconf 88' lang='lat' dir='ltr'>festi</span> <span class='ocrx_word' id='word_1_63' title='bbox 1070 1636 1225 1719; x_wconf 92' lang='lat' dir='ltr'>Corporis</span> <span class='ocrx_word' id='word_1_64' title='bbox 1251 1635 1382 1698; x_wconf 89' lang='lat' dir='ltr'>Christi.</span> <span class='ocrx_word' id='word_1_65' title='bbox 1408 1635 1514 1698; x_wconf 85' lang='lat' dir='ltr'>Causa</span> 
     </span>
     <span class='ocr_line' id='line_1_11' title="bbox 249 1741 1514 1821; baseline 0.001 -19"><span class='ocrx_word' id='word_1_66' title='bbox 249 1741 331 1803; x_wconf 92' lang='lat' dir='ltr'>inter</span> <span class='ocrx_word' id='word_1_67' title='bbox 357 1741 512 1803; x_wconf 88' lang='lat' dir='ltr'>Mathiam</span> <span class='ocrx_word' id='word_1_68' title='bbox 531 1741 685 1802; x_wconf 90' lang='lat' dir='ltr'>Horwath</span> <span class='ocrx_word' id='word_1_69' title='bbox 703 1756 733 1802; x_wconf 90' lang='lat' dir='ltr'>et</span> <span class='ocrx_word' id='word_1_70' title='bbox 757 1743 892 1802; x_wconf 91' lang='lat' dir='ltr'>alterum</span> <span class='ocrx_word' id='word_1_71' title='bbox 916 1742 1068 1803; x_wconf 90' lang='lat' dir='ltr'>Mathiam</span> <span class='ocrx_word' id='word_1_72' title='bbox 1090 1741 1231 1803; x_wconf 79' lang='lat' dir='ltr'>Kotvach</span> <span class='ocrx_word' id='word_1_73' title='bbox 1255 1742 1387 1820; x_wconf 91' lang='lat' dir='ltr'>dictum,</span> <span class='ocrx_word' id='word_1_74' title='bbox 1413 1743 1445 1803; x_wconf 93' lang='lat' dir='ltr'>in</span> <span class='ocrx_word' id='word_1_75' title='bbox 1462 1761 1514 1821; x_wconf 86' lang='lat' dir='ltr'>eo,</span> 
     </span>
     <span class='ocr_line' id='line_1_12' title="bbox 248 1847 1513 1930; baseline 0 -22"><span class='ocrx_word' id='word_1_76' title='bbox 248 1848 384 1929; x_wconf 89' lang='lat' dir='ltr'>qualiter</span> <span class='ocrx_word' id='word_1_77' title='bbox 409 1848 493 1908; x_wconf 92' lang='lat' dir='ltr'>idem</span> <span class='ocrx_word' id='word_1_78' title='bbox 520 1867 627 1908; x_wconf 91' lang='lat' dir='ltr'>coram</span> <span class='ocrx_word' id='word_1_79' title='bbox 653 1849 746 1909; x_wconf 91' lang='lat' dir='ltr'>nobis</span> <span class='ocrx_word' id='word_1_80' title='bbox 770 1849 938 1930; x_wconf 91' lang='lat' dir='ltr'>proposuit</span> <span class='ocrx_word' id='word_1_81' title='bbox 961 1849 1127 1911; x_wconf 89' lang='lat' dir='ltr'>accionem</span> <span class='ocrx_word' id='word_1_82' title='bbox 1153 1869 1243 1910; x_wconf 89' lang='lat' dir='ltr'>suam</span> <span class='ocrx_word' id='word_1_83' title='bbox 1268 1862 1378 1910; x_wconf 90' lang='lat' dir='ltr'>contra</span> <span class='ocrx_word' id='word_1_84' title='bbox 1403 1864 1434 1908; x_wconf 89' lang='lat' dir='ltr'>et</span> <span class='ocrx_word' id='word_1_85' title='bbox 1458 1847 1513 1909; x_wconf 89' lang='lat' dir='ltr'>ad-</span> 
     </span>
     <span class='ocr_line' id='line_1_13' title="bbox 247 1954 1513 2036; baseline 0.001 -23"><span class='ocrx_word' id='word_1_86' title='bbox 247 1974 355 2014; x_wconf 91' lang='lat' dir='ltr'>versus</span> <span class='ocrx_word' id='word_1_87' title='bbox 380 1954 500 2015; x_wconf 92' lang='lat' dir='ltr'>dictum</span> <span class='ocrx_word' id='word_1_88' title='bbox 527 1954 680 2016; x_wconf 88' lang='lat' dir='ltr'>Mathiam</span> <span class='ocrx_word' id='word_1_89' title='bbox 707 1954 849 2015; x_wconf 86' lang='lat' dir='ltr'>Kowach</span> <span class='ocrx_word' id='word_1_90' title='bbox 876 1956 907 2015; x_wconf 89' lang='lat' dir='ltr'>in</span> <span class='ocrx_word' id='word_1_91' title='bbox 932 1975 988 2016; x_wconf 90' lang='lat' dir='ltr'>eo:</span> <span class='ocrx_word' id='word_1_92' title='bbox 1007 1955 1145 2017; x_wconf 89' lang='lat' dir='ltr'>nescitur</span> <span class='ocrx_word' id='word_1_93' title='bbox 1174 1956 1291 2036; x_wconf 90' lang='lat' dir='ltr'>quibus</span> <span class='ocrx_word' id='word_1_94' title='bbox 1315 1955 1513 2035; x_wconf 85' lang='lat' dir='ltr'>respectibus</span> 
     </span>
     <span class='ocr_line' id='line_1_14' title="bbox 248 2059 1513 2142; baseline 0.003 -22"><span class='ocrx_word' id='word_1_95' title='bbox 248 2059 361 2121; x_wconf 91' lang='lat' dir='ltr'>ductus</span> <span class='ocrx_word' id='word_1_96' title='bbox 386 2062 417 2122; x_wconf 93' lang='lat' dir='ltr'>in</span> <span class='ocrx_word' id='word_1_97' title='bbox 443 2062 577 2122; x_wconf 92' lang='lat' dir='ltr'>domum</span> <span class='ocrx_word' id='word_1_98' title='bbox 602 2080 692 2122; x_wconf 90' lang='lat' dir='ltr'>suam</span> <span class='ocrx_word' id='word_1_99' title='bbox 718 2062 923 2142; x_wconf 88' lang='lat' dir='ltr'>potenciariis</span> <span class='ocrx_word' id='word_1_100' title='bbox 955 2077 986 2123; x_wconf 92' lang='lat' dir='ltr'>et</span> <span class='ocrx_word' id='word_1_101' title='bbox 1010 2063 1139 2122; x_wconf 88' lang='lat' dir='ltr'>armatis</span> <span class='ocrx_word' id='word_1_102' title='bbox 1173 2062 1322 2123; x_wconf 90' lang='lat' dir='ltr'>manibus</span> <span class='ocrx_word' id='word_1_103' title='bbox 1347 2062 1513 2124; x_wconf 89' lang='lat' dir='ltr'>invasisset</span> 
     </span>
     <span class='ocr_line' id='line_1_15' title="bbox 247 2167 1512 2249; baseline 0.003 -23"><span class='ocrx_word' id='word_1_104' title='bbox 247 2187 318 2227; x_wconf 89' lang='lat' dir='ltr'>cum</span> <span class='ocrx_word' id='word_1_105' title='bbox 345 2182 429 2228; x_wconf 88' lang='lat' dir='ltr'>certa</span> <span class='ocrx_word' id='word_1_106' title='bbox 455 2168 605 2228; x_wconf 88' lang='lat' dir='ltr'>comitiva</span> <span class='ocrx_word' id='word_1_107' title='bbox 638 2168 793 2245; x_wconf 90' lang='lat' dir='ltr'>eiusdem,</span> <span class='ocrx_word' id='word_1_108' title='bbox 826 2168 935 2249; x_wconf 91' lang='lat' dir='ltr'>ibique</span> <span class='ocrx_word' id='word_1_109' title='bbox 962 2182 1096 2230; x_wconf 91' lang='lat' dir='ltr'>matrem</span> <span class='ocrx_word' id='word_1_110' title='bbox 1130 2169 1205 2229; x_wconf 92' lang='lat' dir='ltr'>dicti</span> <span class='ocrx_word' id='word_1_111' title='bbox 1233 2167 1352 2229; x_wconf 89' lang='lat' dir='ltr'>Mathei</span> <span class='ocrx_word' id='word_1_112' title='bbox 1378 2168 1512 2230; x_wconf 88' lang='lat' dir='ltr'>Horwat</span> 
     </span>
     <span class='ocr_line' id='line_1_16' title="bbox 247 2273 1511 2354; baseline 0.002 -21"><span class='ocrx_word' id='word_1_113' title='bbox 247 2273 340 2354; x_wconf 86' lang='lat' dir='ltr'>plaga</span> <span class='ocrx_word' id='word_1_114' title='bbox 367 2275 396 2335; x_wconf 92' lang='lat' dir='ltr'>in</span> <span class='ocrx_word' id='word_1_115' title='bbox 425 2294 555 2335; x_wconf 91' lang='lat' dir='ltr'>manum</span> <span class='ocrx_word' id='word_1_116' title='bbox 581 2275 735 2336; x_wconf 88' lang='lat' dir='ltr'>cicatricis</span> <span class='ocrx_word' id='word_1_117' title='bbox 759 2273 936 2337; x_wconf 83' lang='lat' dir='ltr'>affecissent</span> <span class='ocrx_word' id='word_1_118' title='bbox 961 2296 996 2336; x_wconf 90' lang='lat' dir='ltr'>ac</span> <span class='ocrx_word' id='word_1_119' title='bbox 1021 2290 1122 2337; x_wconf 88' lang='lat' dir='ltr'>certas</span> <span class='ocrx_word' id='word_1_120' title='bbox 1146 2296 1196 2337; x_wconf 87' lang='lat' dir='ltr'>res</span> <span class='ocrx_word' id='word_1_121' title='bbox 1219 2296 1291 2337; x_wconf 88' lang='lat' dir='ltr'>suas</span> <span class='ocrx_word' id='word_1_122' title='bbox 1316 2276 1432 2337; x_wconf 87' lang='lat' dir='ltr'>abinde</span> <span class='ocrx_word' id='word_1_123' title='bbox 1457 2276 1511 2336; x_wconf 91' lang='lat' dir='ltr'>de·</span> 
     </span>
     <span class='ocr_line' id='line_1_17' title="bbox 247 2380 1511 2464; baseline 0.004 -25"><span class='ocrx_word' id='word_1_124' title='bbox 247 2394 435 2460; x_wconf 89' lang='lat' dir='ltr'>portassent.</span> <span class='ocrx_word' id='word_1_125' title='bbox 461 2381 536 2453; x_wconf 88' lang='lat' dir='ltr'>Quo</span> <span class='ocrx_word' id='word_1_126' title='bbox 561 2381 672 2442; x_wconf 87' lang='lat' dir='ltr'>audito</span> <span class='ocrx_word' id='word_1_127' title='bbox 698 2380 838 2463; x_wconf 84' lang='lat' dir='ltr'>prelatus</span> <span class='ocrx_word' id='word_1_128' title='bbox 864 2382 1005 2443; x_wconf 88' lang='lat' dir='ltr'>Kowach</span> <span class='ocrx_word' id='word_1_129' title='bbox 1030 2402 1070 2444; x_wconf 92' lang='lat' dir='ltr'>ex</span> <span class='ocrx_word' id='word_1_130' title='bbox 1094 2382 1228 2443; x_wconf 90' lang='lat' dir='ltr'>adverso</span> <span class='ocrx_word' id='word_1_131' title='bbox 1253 2382 1428 2464; x_wconf 89' lang='lat' dir='ltr'>respondit,</span> <span class='ocrx_word' id='word_1_132' title='bbox 1452 2402 1511 2444; x_wconf 88' lang='lat' dir='ltr'>nec</span> 
     </span>
     <span class='ocr_line' id='line_1_18' title="bbox 247 2486 1511 2567; baseline 0.004 -22"><span class='ocrx_word' id='word_1_133' title='bbox 247 2505 318 2545; x_wconf 91' lang='lat' dir='ltr'>cum</span> <span class='ocrx_word' id='word_1_134' title='bbox 346 2505 503 2547; x_wconf 92' lang='lat' dir='ltr'>consensu</span> <span class='ocrx_word' id='word_1_135' title='bbox 528 2506 632 2567; x_wconf 91' lang='lat' dir='ltr'>neque</span> <span class='ocrx_word' id='word_1_136' title='bbox 658 2487 793 2548; x_wconf 89' lang='lat' dir='ltr'>consilio</span> <span class='ocrx_word' id='word_1_137' title='bbox 810 2507 868 2548; x_wconf 91' lang='lat' dir='ltr'>suo</span> <span class='ocrx_word' id='word_1_138' title='bbox 892 2487 948 2549; x_wconf 89' lang='lat' dir='ltr'>hec</span> <span class='ocrx_word' id='word_1_139' title='bbox 974 2508 1042 2549; x_wconf 91' lang='lat' dir='ltr'>esse</span> <span class='ocrx_word' id='word_1_140' title='bbox 1067 2502 1098 2549; x_wconf 92' lang='lat' dir='ltr'>et</span> <span class='ocrx_word' id='word_1_141' title='bbox 1116 2504 1190 2551; x_wconf 91' lang='lat' dir='ltr'>sunt</span> <span class='ocrx_word' id='word_1_142' title='bbox 1214 2486 1305 2567; x_wconf 88' lang='lat' dir='ltr'>facta,</span> <span class='ocrx_word' id='word_1_143' title='bbox 1331 2487 1390 2549; x_wconf 91' lang='lat' dir='ltr'>nisi</span> <span class='ocrx_word' id='word_1_144' title='bbox 1408 2488 1511 2550; x_wconf 89' lang='lat' dir='ltr'>libero</span> 
     </span>
     <span class='ocr_line' id='line_1_19' title="bbox 246 2593 862 2655; baseline 0.003 -3"><span class='ocrx_word' id='word_1_145' title='bbox 246 2593 378 2653; x_wconf 89' lang='lat' dir='ltr'>arbitrio</span> <span class='ocrx_word' id='word_1_146' title='bbox 403 2613 513 2654; x_wconf 90' lang='lat' dir='ltr'>eorum</span> <span class='ocrx_word' id='word_1_147' title='bbox 542 2609 682 2655; x_wconf 89' lang='lat' dir='ltr'>exterum</span> <span class='ocrx_word' id='word_1_148' title='bbox 708 2593 862 2654; x_wconf 87' lang='lat' dir='ltr'>lecerunt.</span> 
     </span>
    </p>

    <p class='ocr_par' dir='ltr' id='par_1_8' title="bbox 240 2700 1509 3846">
     <span class='ocr_line' id='line_1_20' title="bbox 351 2700 1508 2783; baseline 0.002 -22"><span class='ocrx_word' id='word_1_149' title='bbox 351 2700 414 2761; x_wconf 92' lang='lat' dir='ltr'>Ubi</span> <span class='ocrx_word' id='word_1_150' title='bbox 440 2701 531 2781; x_wconf 85' lang='lat' dir='ltr'>jurati</span> <span class='ocrx_word' id='word_1_151' title='bbox 557 2701 638 2761; x_wconf 90' lang='lat' dir='ltr'>inter</span> <span class='ocrx_word' id='word_1_152' title='bbox 670 2715 774 2782; x_wconf 87' lang='lat' dir='ltr'>partes</span> <span class='ocrx_word' id='word_1_153' title='bbox 806 2701 964 2780; x_wconf 90' lang='lat' dir='ltr'>predictas</span> <span class='ocrx_word' id='word_1_154' title='bbox 991 2701 1086 2762; x_wconf 90' lang='lat' dir='ltr'>talem</span> <span class='ocrx_word' id='word_1_155' title='bbox 1121 2701 1392 2762; x_wconf 90' lang='lat' dir='ltr'>deliberacionem</span> <span class='ocrx_word' id='word_1_156' title='bbox 1425 2702 1508 2783; x_wconf 85' lang='lat' dir='ltr'>judi·</span> 
     </span>
     <span class='ocr_line' id='line_1_21' title="bbox 245 2806 1509 2887; baseline 0.003 -22"><span class='ocrx_word' id='word_1_157' title='bbox 245 2821 352 2865; x_wconf 89' lang='lat' dir='ltr'>cantes</span> <span class='ocrx_word' id='word_1_158' title='bbox 365 2806 585 2883; x_wconf 87' lang='lat' dir='ltr'>decreverunt,</span> <span class='ocrx_word' id='word_1_159' title='bbox 603 2808 690 2887; x_wconf 92' lang='lat' dir='ltr'>quod</span> <span class='ocrx_word' id='word_1_160' title='bbox 711 2807 749 2866; x_wconf 91' lang='lat' dir='ltr'>de</span> <span class='ocrx_word' id='word_1_161' title='bbox 759 2807 881 2867; x_wconf 91' lang='lat' dir='ltr'>lesione</span> <span class='ocrx_word' id='word_1_162' title='bbox 893 2809 1001 2868; x_wconf 90' lang='lat' dir='ltr'>matris</span> <span class='ocrx_word' id='word_1_163' title='bbox 1014 2822 1120 2868; x_wconf 92' lang='lat' dir='ltr'>autem</span> <span class='ocrx_word' id='word_1_164' title='bbox 1136 2807 1279 2868; x_wconf 90' lang='lat' dir='ltr'>eiusdem</span> <span class='ocrx_word' id='word_1_165' title='bbox 1299 2808 1426 2869; x_wconf 90' lang='lat' dir='ltr'>medico</span> <span class='ocrx_word' id='word_1_166' title='bbox 1444 2809 1509 2870; x_wconf 88' lang='lat' dir='ltr'>lese</span> 
     </span>
     <span class='ocr_line' id='line_1_22' title="bbox 245 2912 1508 2995; baseline 0.003 -23"><span class='ocrx_word' id='word_1_167' title='bbox 245 2912 449 2991; x_wconf 82' lang='lat' dir='ltr'>satisfaciant,</span> <span class='ocrx_word' id='word_1_168' title='bbox 475 2915 542 2975; x_wconf 92' lang='lat' dir='ltr'>leso</span> <span class='ocrx_word' id='word_1_169' title='bbox 565 2929 670 2974; x_wconf 86' lang='lat' dir='ltr'>autem</span> <span class='ocrx_word' id='word_1_170' title='bbox 697 2934 754 2994; x_wconf 91' lang='lat' dir='ltr'>pro</span> <span class='ocrx_word' id='word_1_171' title='bbox 779 2914 923 2974; x_wconf 87' lang='lat' dir='ltr'>cicatrice</span> <span class='ocrx_word' id='word_1_172' title='bbox 950 2914 980 2973; x_wconf 93' lang='lat' dir='ltr'>in</span> <span class='ocrx_word' id='word_1_173' title='bbox 999 2915 1143 2995; x_wconf 91' lang='lat' dir='ltr'>quinque</span> <span class='ocrx_word' id='word_1_174' title='bbox 1170 2915 1277 2995; x_wconf 90' lang='lat' dir='ltr'>pensis</span> <span class='ocrx_word' id='word_1_175' title='bbox 1301 2914 1508 2976; x_wconf 89' lang='lat' dir='ltr'>denariorum</span> 
     </span>
     <span class='ocr_line' id='line_1_23' title="bbox 244 3020 1508 3095; baseline 0.003 -16"><span class='ocrx_word' id='word_1_176' title='bbox 244 3021 403 3080; x_wconf 83' lang='lat' dir='ltr'>convincti</span> <span class='ocrx_word' id='word_1_177' title='bbox 430 3036 513 3095; x_wconf 88' lang='lat' dir='ltr'>sunt,</span> <span class='ocrx_word' id='word_1_178' title='bbox 539 3020 648 3094; x_wconf 90' lang='lat' dir='ltr'>juratis</span> <span class='ocrx_word' id='word_1_179' title='bbox 673 3021 702 3080; x_wconf 90' lang='lat' dir='ltr'>in</span> <span class='ocrx_word' id='word_1_180' title='bbox 729 3035 858 3080; x_wconf 88' lang='lat' dir='ltr'>centum</span> <span class='ocrx_word' id='word_1_181' title='bbox 888 3020 1045 3095; x_wconf 89' lang='lat' dir='ltr'>denariis;</span> <span class='ocrx_word' id='word_1_182' title='bbox 1070 3021 1094 3080; x_wconf 90' lang='lat' dir='ltr'>si</span> <span class='ocrx_word' id='word_1_183' title='bbox 1120 3035 1227 3081; x_wconf 86' lang='lat' dir='ltr'>autem</span> <span class='ocrx_word' id='word_1_184' title='bbox 1253 3020 1337 3081; x_wconf 91' lang='lat' dir='ltr'>lesus</span> <span class='ocrx_word' id='word_1_185' title='bbox 1361 3023 1508 3083; x_wconf 85' lang='lat' dir='ltr'>membro</span> 
     </span>
     <span class='ocr_line' id='line_1_24' title="bbox 243 3125 1509 3208; baseline 0.002 -22"><span class='ocrx_word' id='word_1_186' title='bbox 243 3125 396 3204; x_wconf 85' lang='lat' dir='ltr'>deficerit,</span> <span class='ocrx_word' id='word_1_187' title='bbox 430 3141 544 3187; x_wconf 87' lang='lat' dir='ltr'>extunc</span> <span class='ocrx_word' id='word_1_188' title='bbox 570 3127 599 3186; x_wconf 90' lang='lat' dir='ltr'>in</span> <span class='ocrx_word' id='word_1_189' title='bbox 630 3127 731 3208; x_wconf 88' lang='lat' dir='ltr'>duplo</span> <span class='ocrx_word' id='word_1_190' title='bbox 763 3127 1012 3200; x_wconf 90' lang='lat' dir='ltr'>convincantur;</span> <span class='ocrx_word' id='word_1_191' title='bbox 1043 3127 1082 3185; x_wconf 88' lang='lat' dir='ltr'>de</span> <span class='ocrx_word' id='word_1_192' title='bbox 1115 3129 1209 3187; x_wconf 88' lang='lat' dir='ltr'>rebus</span> <span class='ocrx_word' id='word_1_193' title='bbox 1234 3142 1339 3187; x_wconf 88' lang='lat' dir='ltr'>autem</span> <span class='ocrx_word' id='word_1_194' title='bbox 1366 3147 1421 3208; x_wconf 91' lang='lat' dir='ltr'>per</span> <span class='ocrx_word' id='word_1_195' title='bbox 1453 3147 1509 3189; x_wconf 90' lang='lat' dir='ltr'>eos</span> 
     </span>
     <span class='ocr_line' id='line_1_25' title="bbox 243 3232 1507 3316; baseline 0.002 -23"><span class='ocrx_word' id='word_1_196' title='bbox 243 3234 421 3314; x_wconf 87' lang='lat' dir='ltr'>asportatis,</span> <span class='ocrx_word' id='word_1_197' title='bbox 439 3254 535 3316; x_wconf 90' lang='lat' dir='ltr'>super</span> <span class='ocrx_word' id='word_1_198' title='bbox 560 3235 817 3315; x_wconf 88' lang='lat' dir='ltr'>quibuscumque</span> <span class='ocrx_word' id='word_1_199' title='bbox 844 3234 947 3293; x_wconf 89' lang='lat' dir='ltr'>dictus</span> <span class='ocrx_word' id='word_1_200' title='bbox 965 3232 1100 3293; x_wconf 80' lang='lat' dir='ltr'>Matthias</span> <span class='ocrx_word' id='word_1_201' title='bbox 1118 3232 1273 3293; x_wconf 87' lang='lat' dir='ltr'>llorwath</span> <span class='ocrx_word' id='word_1_202' title='bbox 1291 3232 1507 3314; x_wconf 87' lang='lat' dir='ltr'>juramentum</span> 
     </span>
     <span class='ocr_line' id='line_1_26' title="bbox 242 3338 1507 3422; baseline 0.003 -23"><span class='ocrx_word' id='word_1_203' title='bbox 242 3340 274 3400; x_wconf 94' lang='lat' dir='ltr'>in</span> <span class='ocrx_word' id='word_1_204' title='bbox 299 3359 351 3399; x_wconf 90' lang='lat' dir='ltr'>ara</span> <span class='ocrx_word' id='word_1_205' title='bbox 365 3355 472 3400; x_wconf 88' lang='lat' dir='ltr'>sancte</span> <span class='ocrx_word' id='word_1_206' title='bbox 498 3339 636 3421; x_wconf 88' lang='lat' dir='ltr'>(Crucis)</span> <span class='ocrx_word' id='word_1_207' title='bbox 662 3341 691 3400; x_wconf 94' lang='lat' dir='ltr'>in</span> <span class='ocrx_word' id='word_1_208' title='bbox 718 3339 850 3400; x_wconf 87' lang='lat' dir='ltr'>ecclesia</span> <span class='ocrx_word' id='word_1_209' title='bbox 876 3353 982 3399; x_wconf 91' lang='lat' dir='ltr'>nostra</span> <span class='ocrx_word' id='word_1_210' title='bbox 1011 3338 1186 3420; x_wconf 88' lang='lat' dir='ltr'>parochiali</span> <span class='ocrx_word' id='word_1_211' title='bbox 1211 3339 1319 3400; x_wconf 92' lang='lat' dir='ltr'>habite</span> <span class='ocrx_word' id='word_1_212' title='bbox 1344 3340 1507 3422; x_wconf 88' lang='lat' dir='ltr'>deponere</span> 
     </span>
     <span class='ocr_line' id='line_1_27' title="bbox 242 3445 1506 3527; baseline 0.002 -21"><span class='ocrx_word' id='word_1_213' title='bbox 242 3448 480 3527; x_wconf 87' lang='lat' dir='ltr'>pressumserit,</span> <span class='ocrx_word' id='word_1_214' title='bbox 514 3446 644 3507; x_wconf 92' lang='lat' dir='ltr'>tandem</span> <span class='ocrx_word' id='word_1_215' title='bbox 673 3446 775 3506; x_wconf 89' lang='lat' dir='ltr'>dictus</span> <span class='ocrx_word' id='word_1_216' title='bbox 808 3445 945 3507; x_wconf 89' lang='lat' dir='ltr'>Mathias</span> <span class='ocrx_word' id='word_1_217' title='bbox 978 3445 1120 3506; x_wconf 85' lang='lat' dir='ltr'>Kowach</span> <span class='ocrx_word' id='word_1_218' title='bbox 1155 3463 1227 3506; x_wconf 92' lang='lat' dir='ltr'>cum</span> <span class='ocrx_word' id='word_1_219' title='bbox 1267 3447 1416 3506; x_wconf 90' lang='lat' dir='ltr'>comitiva</span> <span class='ocrx_word' id='word_1_220' title='bbox 1450 3467 1506 3508; x_wconf 87' lang='lat' dir='ltr'>sua</span> 
     </span>
     <span class='ocr_line' id='line_1_28' title="bbox 240 3551 1506 3633; baseline 0.002 -21"><span class='ocrx_word' id='word_1_221' title='bbox 240 3551 495 3614; x_wconf 88' lang='lat' dir='ltr'>satisfaccionem</span> <span class='ocrx_word' id='word_1_222' title='bbox 521 3552 624 3612; x_wconf 92' lang='lat' dir='ltr'>eidem</span> <span class='ocrx_word' id='word_1_223' title='bbox 652 3551 850 3633; x_wconf 89' lang='lat' dir='ltr'>impendant.</span> <span class='ocrx_word' id='word_1_224' title='bbox 876 3588 916 3596; x_wconf 92' lang='lat'>—</span> <span class='ocrx_word' id='word_1_225' title='bbox 942 3551 1038 3624; x_wconf 88' lang='lat' dir='ltr'>Quod</span> <span class='ocrx_word' id='word_1_226' title='bbox 1065 3572 1101 3613; x_wconf 88' lang='lat' dir='ltr'>ex</span> <span class='ocrx_word' id='word_1_227' title='bbox 1120 3571 1184 3633; x_wconf 94' lang='lat' dir='ltr'>quo</span> <span class='ocrx_word' id='word_1_228' title='bbox 1208 3554 1239 3612; x_wconf 91' lang='lat' dir='ltr'>in</span> <span class='ocrx_word' id='word_1_229' title='bbox 1266 3553 1398 3613; x_wconf 93' lang='lat' dir='ltr'>domum</span> <span class='ocrx_word' id='word_1_230' title='bbox 1424 3553 1506 3614; x_wconf 89' lang='lat' dir='ltr'>eius·</span> 
     </span>
     <span class='ocr_line' id='line_1_29' title="bbox 241 3658 1508 3742; baseline 0.002 -24"><span class='ocrx_word' id='word_1_231' title='bbox 241 3659 313 3719; x_wconf 91' lang='lat' dir='ltr'>dem</span> <span class='ocrx_word' id='word_1_232' title='bbox 340 3660 506 3742; x_wconf 82' lang='lat' dir='ltr'>Matheycz</span> <span class='ocrx_word' id='word_1_233' title='bbox 532 3659 736 3740; x_wconf 88' lang='lat' dir='ltr'>potenciariis</span> <span class='ocrx_word' id='word_1_234' title='bbox 761 3659 910 3719; x_wconf 91' lang='lat' dir='ltr'>manibus</span> <span class='ocrx_word' id='word_1_235' title='bbox 935 3659 1131 3735; x_wconf 91' lang='lat' dir='ltr'>invaserunt,</span> <span class='ocrx_word' id='word_1_236' title='bbox 1164 3673 1279 3720; x_wconf 87' lang='lat' dir='ltr'>extunc</span> <span class='ocrx_word' id='word_1_237' title='bbox 1304 3658 1409 3720; x_wconf 92' lang='lat' dir='ltr'>eidem</span> <span class='ocrx_word' id='word_1_238' title='bbox 1434 3675 1508 3720; x_wconf 90' lang='lat' dir='ltr'>sunt</span> 
     </span>
     <span class='ocr_line' id='line_1_30' title="bbox 240 3765 870 3846; baseline 0.005 -23"><span class='ocrx_word' id='word_1_239' title='bbox 240 3767 378 3827; x_wconf 88' lang='lat' dir='ltr'>convicti</span> <span class='ocrx_word' id='word_1_240' title='bbox 405 3767 435 3825; x_wconf 90' lang='lat' dir='ltr'>in</span> <span class='ocrx_word' id='word_1_241' title='bbox 461 3765 637 3846; x_wconf 67' lang='lat' dir='ltr'>(hlomagio</span> <span class='ocrx_word' id='word_1_242' title='bbox 663 3765 870 3846; x_wconf 88' lang='lat' dir='ltr'>potenciario.</span> 
     </span>
    </p>
   </div>
   <div class='ocr_carea' id='block_1_3' title="bbox 348 3959 1373 4666">
    <p class='ocr_par' dir='ltr' id='par_1_9' title="bbox 348 3959 1373 4666">
     <span class='ocr_line' id='line_1_31' title="bbox 842 3959 897 4026; baseline 0.018 -1"><span class='ocrx_word' id='word_1_243' title='bbox 842 3959 897 4026; x_wconf 79' lang='grc'>17.</span> 
     </span>
     <span class='ocr_line' id='line_1_32' title="bbox 780 4140 975 4202; baseline 0 0"><span class='ocrx_word' id='word_1_244' title='bbox 780 4140 975 4202; x_wconf 91' lang='lat' dir='ltr'>Consiliarii.</span> 
     </span>
     <span class='ocr_line' id='line_1_33' title="bbox 348 4283 1271 4365; baseline -0.004 -19"><span class='ocrx_word' id='word_1_245' title='bbox 348 4286 538 4347; x_wconf 84' lang='lat' dir='ltr'>Valentinus</span> <span class='ocrx_word' id='word_1_246' title='bbox 564 4304 705 4365; x_wconf 60' lang='lat' dir='ltr'>pn&#39;gnar.</span> <span class='ocrx_word' id='word_1_247' title='bbox 981 4283 1127 4343; x_wconf 83' lang='lat' dir='ltr'>Andreas</span> <span class='ocrx_word' id='word_1_248' title='bbox 1152 4303 1271 4364; x_wconf 90' lang='lat' dir='ltr'>sporar.</span> 
     </span>
     <span class='ocr_line' id='line_1_34' title="bbox 349 4389 1249 4473; baseline 0 -22"><span class='ocrx_word' id='word_1_249' title='bbox 349 4392 426 4451; x_wconf 91' lang='lat' dir='ltr'>Jane</span> <span class='ocrx_word' id='word_1_250' title='bbox 453 4391 637 4473; x_wconf 88' lang='lat' dir='ltr'>pixidarius.</span> <span class='ocrx_word' id='word_1_251' title='bbox 981 4389 1072 4450; x_wconf 89' lang='lat' dir='ltr'>Hans</span> <span class='ocrx_word' id='word_1_252' title='bbox 1099 4389 1249 4451; x_wconf 86' lang='lat' dir='ltr'>carnifex.</span> 
     </span>
     <span class='ocr_line' id='line_1_35' title="bbox 349 4494 1286 4577; baseline -0.003 -18"><span class='ocrx_word' id='word_1_253' title='bbox 349 4498 535 4559; x_wconf 87' lang='lat' dir='ltr'>Franciscus</span> <span class='ocrx_word' id='word_1_254' title='bbox 560 4497 729 4558; x_wconf 85' lang='lat' dir='ltr'>aurifaber.</span> <span class='ocrx_word' id='word_1_255' title='bbox 983 4497 1093 4557; x_wconf 87' lang='lat' dir='ltr'>Petrus</span> <span class='ocrx_word' id='word_1_256' title='bbox 1118 4494 1286 4577; x_wconf 85' lang='lat' dir='ltr'>chhyak.</span> 
     </span>
     <span class='ocr_line' id='line_1_36' title="bbox 349 4602 1373 4666; baseline -0.002 -1"><span class='ocrx_word' id='word_1_257' title='bbox 349 4606 500 4665; x_wconf 88' lang='lat' dir='ltr'>Nicolaus</span> <span class='ocrx_word' id='word_1_258' title='bbox 524 4603 693 4666; x_wconf 89' lang='lat' dir='ltr'>aurifaber.</span> <span class='ocrx_word' id='word_1_259' title='bbox 981 4602 1164 4664; x_wconf 81' lang='lat' dir='ltr'>Anthonius</span> <span class='ocrx_word' id='word_1_260' title='bbox 1189 4602 1228 4663; x_wconf 94' lang='lat' dir='ltr'>de</span> <span class='ocrx_word' id='word_1_261' title='bbox 1254 4603 1373 4663; x_wconf 84' lang='lat' dir='ltr'>Zabok.</span> 
     </span>
    </p>
   </div>
   <div class='ocr_carea' id='block_1_4' title="bbox 348 4709 1316 4898">
    <p class='ocr_par' dir='ltr' id='par_1_10' title="bbox 348 4709 1316 4898">
     <span class='ocr_line' id='line_1_37' title="bbox 348 4709 1302 4772; baseline -0.002 0"><span class='ocrx_word' id='word_1_262' title='bbox 348 4710 502 4772; x_wconf 88' lang='lat' dir='ltr'>Nicolaus</span> <span class='ocrx_word' id='word_1_263' title='bbox 523 4730 663 4772; x_wconf 85' lang='lat' dir='ltr'>zwonar.</span> <span class='ocrx_word' id='word_1_264' title='bbox 984 4709 1180 4771; x_wconf 85' lang='lat' dir='ltr'>Laurencius</span> <span class='ocrx_word' id='word_1_265' title='bbox 1204 4721 1302 4770; x_wconf 87' lang='lat' dir='ltr'>sutor.</span> 
     </span>
     <span class='ocr_line' id='line_1_38' title="bbox 348 4815 1316 4898; baseline -0.004 -19"><span class='ocrx_word' id='word_1_266' title='bbox 348 4816 519 4879; x_wconf 79' lang='lat' dir='ltr'>Adrianus.</span> <span class='ocrx_word' id='word_1_267' title='bbox 981 4815 1099 4877; x_wconf 87' lang='lat' dir='ltr'>Paulus</span> <span class='ocrx_word' id='word_1_268' title='bbox 1122 4815 1316 4898; x_wconf 88' lang='lat' dir='ltr'>Vidowzyn.</span> 
     </span>
    </p>
   </div>
   <div class='ocr_carea' id='block_1_5' title="bbox 0 0 1756 5264">
    <p class='ocr_par' dir='ltr' id='par_1_11' title="bbox 0 0 1756 5264">
     <span class='ocr_line' id='line_1_39' title="bbox 0 0 1756 5264; baseline 0 6"><span class='ocrx_word' id='word_1_269' title='bbox 0 0 1756 5264; x_wconf 95' lang='lat' dir='ltr'> </span> 
     </span>
    </p>
   </div>
  </div>
 </body>
</html>
