3502 5264
248 333 306 395 180
624 334 710 392 Anno
729 345 820 408 1509.
846 367 889 376 --
913 347 959 393 12.
977 333 1131 408 januarii.

294 551 391 624 Feria
421 552 526 626 tercia
554 557 707 642 proxima
736 562 814 623 ante
840 549 964 623 festum
996 548 1192 622 Nativitatis
1221 551 1318 622 beate
1350 543 1455 622 Marie

720 696 850 763 semper
879 677 1033 763 virginis.

745 834 787 903 (5.
813 827 1002 902 septembris).

348 969 525 1052 Gregorius
547 985 637 1031 sutor
663 970 702 1030 ad
728 969 918 1031 instanciam
941 967 1065 1029 Nicolai
1086 967 1281 1049 Merzloclep
1306 967 1449 1028 secundo
1466 968 1508 1028 ci-

238 1090 322 1138 tatus
346 1096 410 1137 non
436 1077 628 1158 comparuit.

336 1313 431 1386 Feria
461 1308 568 1386 tercia
596 1307 750 1403 proxima
779 1322 856 1385 ante
885 1306 1115 1385 exaltationis
1144 1324 1261 1385 sancte
1291 1312 1416 1385 Crucis.

741 1469 801 1543 (12.
826 1467 1009 1542 septembris).

352 1609 456 1671 Causa
482 1609 564 1671 inter
588 1607 698 1670 fratres
715 1609 813 1669 sancti
838 1607 962 1669 Nicolai
984 1609 1024 1668 ab
1041 1627 1103 1668 una
1128 1627 1164 1668 ac
1183 1608 1390 1669 Dominicum
1408 1608 1508 1669 Pero·

244 1714 336 1796 wych
363 1717 402 1775 ab
428 1714 526 1776 altera
550 1715 679 1776 racione
703 1714 870 1775 cuiusdam
895 1714 975 1774 silve
1000 1733 1097 1793 quam
1122 1714 1259 1775 condam
1285 1713 1508 1797 Matheynicza

244 1835 357 1881 vocata
384 1819 513 1902 prelatis
539 1819 688 1882 fratribus
713 1821 872 1897 donasset,
897 1833 991 1900 prout
1024 1819 1084 1880 hoc
1110 1822 1355 1900 comprobatum
1381 1832 1437 1896 est,
1462 1820 1509 1898 ju-

243 1926 302 1987 rati
327 1926 563 2005 adjudicarunt,
589 1926 676 2006 quod
702 1946 738 1986 ex
763 1945 828 2006 quo
852 1925 936 1986 dicta
967 1924 1189 2006 Matheynicza
1214 1925 1334 1986 eisdem
1360 1923 1510 1986 fratribus

245 2033 420 2095 literatorie
445 2033 596 2094 donasset
620 2047 651 2094 et
675 2032 824 2110 dedisset,
848 2034 890 2093 ob
914 2031 974 2092 hoc
1004 2030 1101 2092 iidem
1135 2030 1246 2092 lratres
1270 2032 1377 2092 literas
1400 2051 1509 2112 super·

246 2140 321 2200 inde
359 2140 536 2221 producere
573 2139 709 2215 debent,
742 2139 906 2220 productis
938 2139 1044 2218 itaque
1078 2137 1262 2198 huiusmodi
1296 2137 1395 2198 literis
1427 2138 1508 2198 dicte

244 2246 469 2328 Matheynicza
495 2259 606 2307 vocate
630 2258 662 2306 et
685 2265 782 2327 penes
800 2258 900 2306 metas
925 2245 956 2305 in
979 2244 1098 2304 eisdem
1125 2244 1225 2305 literis
1247 2243 1364 2304 habitis
1388 2242 1509 2303 eisdem

243 2351 393 2415 fratribus
415 2352 657 2431 adjudicarunt3
684 2365 818 2432 utraque
843 2371 914 2433 pars
938 2352 979 2412 de
1003 2349 1123 2429 judicio
1140 2349 1317 2429 juratorum
1343 2369 1407 2410 non
1434 2368 1508 2410 con·

247 2473 334 2520 tenta
358 2459 414 2519 sed
439 2459 685 2540 appellaverunt
708 2458 748 2518 ad
773 2459 914 2518 seniores
938 2456 1070 2537 judices.

352 2562 475 2625 Eodem
501 2563 553 2624 die
570 2584 664 2624 causa
688 2563 768 2623 inter
794 2562 972 2644 Georgium
990 2562 1172 2643 selliparem
1197 2576 1228 2622 et
1244 2563 1380 2623 alterum
1406 2559 1509 2623 Geor·

242 2671 331 2752 gium
369 2669 536 2731 Mandlecz
572 2671 700 2731 racione
734 2670 935 2731 vendicionis
969 2669 1136 2729 cuiusdam
1173 2683 1273 2746 terre,
1309 2666 1417 2729 senilis
1452 2687 1509 2729 seu

244 2776 365 2856 (hlorti,
397 2777 545 2856 quamvis
578 2775 718 2857 prelatus
751 2776 919 2837 Mandlecz
952 2776 1039 2857 prius
1071 2776 1158 2837 dicto
1191 2773 1334 2856 Georgio
1367 2775 1508 2857 sellipari

244 2902 351 2944 coram
380 2883 473 2944 certis
497 2883 642 2964 personis
671 2883 859 2944 vendiderat
891 2882 1118 2963 perpetualiter
1149 2901 1256 2942 coram
1282 2881 1375 2942 certis
1399 2882 1509 2963 probis

242 2989 397 3070 personis,
422 3003 453 3050 et
469 3003 580 3070 expost
593 3009 672 3050 uxor
685 2989 759 3049 dicti
780 2988 945 3049 Mandlecz
963 2988 1090 3049 easdem
1110 2988 1291 3050 inhibuerat
1303 3001 1399 3070 prout
1424 2988 1508 3049 libe·

244 3096 319 3173 rior,
344 3111 374 3156 et
398 3097 528 3158 tandem
554 3096 666 3157 eadem
691 3115 770 3156 uxor
795 3096 870 3155 dicti
890 3094 1022 3175 Georgii
1047 3095 1087 3156 ad
1114 3114 1228 3156 manus
1244 3096 1364 3156 alienas
1381 3095 1508 3177 pignori

243 3220 302 3284 pro
327 3202 439 3263 eadem
465 3202 599 3283 pecunia
626 3221 684 3283 pro
709 3221 771 3282 qua
790 3199 917 3262 luerunt
942 3215 1047 3282 empte
1065 3201 1247 3278 tradiderat,
1264 3201 1357 3281 jurati
1382 3202 1508 3282 adjudi-

243 3322 366 3384 carunt,
391 3308 479 3388 quod
503 3329 539 3368 ex
558 3328 623 3388 quo
641 3327 744 3388 neque
759 3308 883 3368 vicinus
900 3322 930 3368 et
947 3327 1051 3387 neque
1069 3307 1359 3387 consaguineorum
1384 3307 1502 3388 aliquis

245 3427 291 3476 est
324 3413 427 3474 dictus
451 3429 632 3493 postremus
665 3428 800 3494 emptor,
834 3413 906 3473 ideo
939 3413 1024 3473 dicto
1050 3412 1191 3493 Georgio
1224 3414 1365 3495 sellipari
1391 3414 1506 3476 eodem

243 3519 342 3582 modo
367 3519 458 3580 sicuti
485 3534 665 3601 postremus
690 3534 816 3599 emptor
832 3519 950 3579 servari
976 3519 1154 3580 dinoscitur
1172 3519 1356 3579 liberiorem
1380 3519 1491 3600 adjudi

244 3643 371 3701 camus;
395 3623 536 3706 prelatus
560 3644 636 3685 vero
662 3624 821 3705 Georgius
846 3625 1014 3685 Mandlecz
1040 3644 1103 3685 non
1129 3639 1298 3686 contentus
1322 3626 1361 3685 de
1385 3625 1506 3705 judicio

243 3730 419 3813 juratorum
444 3731 499 3791 sed
525 3731 700 3813 appellavit
727 3731 766 3791 ad
795 3732 938 3792 seniores
962 3731 1092 3810 judices.

352 3838 475 3901 Eodem
499 3839 550 3900 die
569 3839 654 3899 lwan
672 3839 793 3917 juratus
810 3839 848 3898 ed
872 3839 1059 3899 instanciam
1086 3839 1213 3900 Thome
1232 3839 1385 3900 institoris
1402 3838 1508 3920 primo

243 3944 357 4007 citatus
381 3964 445 4006 non
472 3946 663 4027 comparuit.

256 4179 353 4254 Ferit
381 4190 478 4254 sexta
507 4180 660 4271 proxima
689 4189 765 4271 post
795 4183 918 4252 festum
946 4183 1035 4253 beati
1066 4182 1161 4252 Pauli
1191 4186 1289 4270 primi
1320 4183 1489 4256 heremite.

642 4334 707 4413 (12.
724 4338 875 4412 junuarii,
898 4356 967 4396 nnn.
995 4336 1102 4415 1509).

352 4474 474 4537 Eodem
500 4474 552 4536 die
577 4473 753 4556 Gregorius
770 4475 937 4536 Thurchin
957 4477 995 4536 ed
1015 4477 1202 4539 instanciam
1224 4479 1391 4540 Elizabeth
1409 4479 1506 4540 vidue

244 4581 350 4665 primo
373 4582 489 4643 citatus
512 4601 576 4643 oon
603 4581 793 4663 comparuit.

351 4685 429 4750 ltem
453 4686 607 4749 Nicolaus
630 4686 878 4769 Kontheschyak
908 4687 947 4748 ad
973 4689 1160 4751 instanciam
1188 4690 1342 4772 Stephani
1369 4691 1505 4754 Kelche·

244 4791 338 4883 aych
361 4792 468 4879 primo
490 4807 522 4859 et
543 4793 687 4859 secundo
710 4793 825 4858 citatus
848 4813 912 4857 non
938 4795 1118 4878 comparuit
