3502 5264
794 299 943 360 Addenda.

843 507 899 576 27.

352 637 471 699 Coram
497 636 588 697 vobis
612 635 839 716 spectabilibus
863 648 894 695 et
917 635 1053 715 egregiis
1077 634 1228 713 dominis,
1254 635 1370 714 iudice,
1397 635 1511 712 iuratis

243 759 273 806 et
298 744 528 805 communitate
562 741 657 802 huius
693 742 777 801 alme
810 741 945 801 civitatis
978 742 1261 822 Montisgrecensis
1292 744 1512 823 zagrabiensis

243 870 415 934 compareo
440 869 500 929 ego
525 848 677 909 Nicolaus
692 847 876 908 Palaminus
901 847 945 907 uti
965 847 1096 908 maritus
1120 861 1151 909 et
1175 847 1345 928 conjuncta
1371 868 1510 930 persona

244 957 396 1018 Kathicze
421 954 559 1015 condam
578 953 732 1014 lobannis
754 952 949 1034 Zrebrarych
967 968 1076 1013 contra
1101 967 1132 1014 et
1155 953 1308 1015 adversus
1332 955 1507 1016 discretum

241 1077 272 1124 et
296 1062 438 1123 nobilem
461 1061 563 1121 virum
590 1060 754 1121 Matheum
778 1074 928 1120 vocatum
955 1058 1111 1120 Mathiacz
1135 1060 1354 1122 adversarium
1378 1061 1423 1121 uti
1449 1061 1508 1121 de·

242 1184 399 1230 tentarem
425 1183 456 1229 et
479 1181 705 1248 occupatorem
731 1165 953 1247 jobagionum,
974 1166 1146 1243 bonorum,
1171 1185 1355 1247 rerumque,
1379 1185 1500 1248 posses·

242 1277 389 1353 sionum,
415 1275 604 1336 introituum
636 1288 667 1334 et
702 1273 996 1334 emolumentorum
1032 1272 1297 1354 provenientium
1334 1294 1371 1333 ex
1405 1273 1507 1350 terris,

247 1382 514 1465 possessionibus,
549 1380 651 1441 vineis
684 1393 714 1440 et
738 1378 869 1460 (h)orto,
900 1378 1102 1459 aliarumque
1134 1397 1239 1440 rerum
1266 1378 1506 1440 inherediarum

245 1488 382 1550 condam
414 1486 527 1569 prefati
560 1486 714 1547 Johannis
745 1499 986 1567 perceptarum,
1018 1484 1097 1546 mihi
1130 1487 1261 1546 nomine
1294 1485 1402 1546 uxoris
1433 1504 1506 1546 mee

243 1593 460 1676 spectantium
486 1606 517 1652 et
550 1591 796 1673 pertinencium,
829 1591 868 1650 de
900 1591 1018 1670 quibus
1042 1609 1098 1670 per
1130 1589 1337 1668 justissimum
1363 1605 1503 1652 vestrum

242 1700 382 1762 tribunal
416 1712 490 1782 peto
522 1698 757 1760 sentencialiter
790 1696 971 1779 provideri,
1004 1697 1141 1777 qualiter
1173 1697 1311 1758 condam
1343 1697 1506 1759 lohannes

243 1821 333 1889 pater
358 1806 456 1888 ipsius
489 1804 641 1866 Kathicze
674 1802 794 1885 prefate
827 1803 935 1863 uxoris
966 1822 1036 1862 mee
1068 1803 1330 1864 testamentaliter
1361 1803 1507 1880 domurn,

243 1914 381 1991 vineam,
395 1911 592 1992 jobagiones,
607 1910 731 1985 silvam,
749 1909 1024 1989 eciamlhlortum,
1042 1909 1097 1990 qui
1114 1908 1248 1970 babetur
1265 1929 1365 1992 prope
1382 1908 1505 1970 fontem

247 2019 467 2095 Mandussecz,
492 2018 678 2095 stacionem,
696 2016 870 2095 omniaque
895 2015 1042 2076 clenodia
1060 2015 1177 2076 domus
1202 2029 1232 2077 et
1257 2016 1403 2095 universa
1421 2017 1505 2076 bona

244 2125 376 2187 mobilia
402 2139 433 2185 et
457 2123 647 2200 immobilia,
673 2142 736 2203 que
770 2122 871 2203 ipsum
905 2121 1041 2182 condam
1066 2140 1213 2182 socerum
1245 2141 1353 2182 meum
1378 2141 1508 2183 concer-

245 2251 320 2293 nere
346 2244 485 2313 possent,
511 2229 646 2310 legasset
670 2227 777 2288 uxoris
801 2247 856 2288 sue
881 2240 912 2288 et
941 2227 1093 2288 Kathicze
1126 2228 1271 2288 similiter
1295 2226 1359 2288 filie
1382 2247 1439 2289 sue
1463 2227 1507 2287 le-

244 2338 369 2419 gittime
394 2336 566 2397 dimisisset
584 2334 714 2411 utenda,
732 2332 866 2394 fruenda
883 2347 914 2394 et
925 2333 1096 2414 gaudenda
1114 2353 1172 2415 pro
1190 2335 1360 2396 medietate
1379 2335 1507 2415 utrique

244 2445 400 2525 ipsorum,
425 2443 466 2502 ita
491 2456 610 2517 tamen,
634 2442 659 2500 si
684 2458 815 2500 uxorem
842 2439 981 2521 premori
1007 2440 1186 2520 contigerit,
1211 2455 1325 2501 extunc
1349 2441 1458 2502 omnia
1476 2454 1508 2502 et

245 2551 392 2612 universa
419 2550 502 2610 bona
528 2546 706 2609 concedant
730 2560 761 2606 et
784 2547 914 2607 veniant
946 2546 985 2606 ad
1013 2547 1199 2607 Kathiczam
1225 2545 1325 2607 liliam
1349 2547 1507 2608 testatoris

244 2656 418 2738 prefatam;
444 2654 517 2715 ideo
543 2654 653 2734 vigore
679 2652 864 2714 huiusmodi
886 2654 1122 2714 testamentarie
1147 2654 1322 2734 legacionis
1346 2668 1377 2714 et
1393 2654 1506 2715 ultime

244 2763 417 2823 voluntatis
442 2760 578 2821 condam
604 2758 759 2820 lohannis
783 2759 900 2820 soceris
918 2759 980 2819 mei
999 2773 1073 2840 peto
1097 2777 1148 2819 me
1166 2760 1297 2820 nomine
1322 2779 1387 2840 quo
1412 2778 1507 2841 supra

245 2869 353 2930 induci
372 2869 403 2928 in
422 2867 655 2948 possessionem
671 2867 831 2926 bonorum
849 2865 1088 2946 premissorum,
1106 2865 1281 2940 adjudicari
1300 2866 1504 2927 medietatem

245 2975 390 3037 omniurn
417 2973 616 3047 introituum,
642 2971 815 3032 utilitatum
841 2985 870 3030 et
889 2970 1194 3048 emolumentorum,
1219 2971 1379 3034 fructuum
1405 2984 1435 3033 et
1459 2971 1506 3032 in·

243 3082 396 3142 troituum
414 3093 636 3161 perceptorum
655 3098 709 3158 per
728 3079 831 3158 ipsum
858 3077 1011 3138 Mathiam
1035 3092 1065 3138 et
1082 3098 1214 3139 uxorem
1239 3099 1328 3140 suam
1347 3079 1386 3140 de
1412 3079 1505 3140 bonis

244 3187 343 3268 ipsius
367 3186 484 3247 soceris
509 3185 571 3245 mei
597 3198 691 3265 prout
722 3182 799 3263 juris
824 3198 853 3243 et
886 3183 1016 3264 dejure
1048 3198 1104 3262 est,
1136 3186 1225 3246 salvo
1250 3185 1317 3265 jure
1352 3185 1504 3263 addendi,

245 3293 422 3367 minuendi,
448 3291 628 3370 corrigendi
653 3310 688 3350 ac
713 3289 752 3349 de
785 3309 869 3350 novo
903 3289 1103 3370 producendi
1127 3305 1185 3351 etc.
1218 3311 1254 3352 ac
1285 3292 1356 3352 aliis
1380 3311 1506 3373 semper

245 3401 340 3460 salvis
365 3414 458 3480 prout
475 3398 514 3458 de
540 3397 618 3476 jure,
637 3397 737 3457 eciam
755 3395 949 3456 anichilandi
968 3411 1193 3458 testamentum
1211 3398 1348 3459 condam
1373 3399 1507 3479 Agnetis

245 3508 353 3567 matris
378 3507 484 3566 uxoris
509 3525 579 3565 tnee
605 3505 634 3564 in
660 3519 814 3584 quantum
849 3503 1038 3584 prejudicari
1073 3519 1103 3564 et
1135 3504 1281 3583 derogari
1313 3520 1504 3567 testamento

245 3612 398 3673 lobannis
422 3611 600 3692 Zrebarych
626 3611 743 3671 soceris
768 3610 842 3686 mei,
867 3611 941 3690 quia
968 3630 1033 3670 rem
1064 3611 1201 3671 alienam
1226 3611 1332 3691 legare
1359 3632 1421 3672 non
1448 3632 1504 3694 po·

244 3721 314 3796 tuit,
340 3719 413 3780 ideo
448 3733 521 3800 pcto
548 3732 581 3777 ut
613 3737 707 3797 supra
741 3730 771 3775 et
804 3730 961 3798 protestor
985 3716 1024 3776 de
1058 3718 1203 3798 expensis
1236 3719 1336 3778 eciam
1362 3717 1451 3780 factis
1476 3734 1506 3779 et

245 3824 358 3885 fiendis
383 3839 441 3886 etc.

844 3908 900 3975 28.

351 4036 473 4096 Eodem
499 4036 549 4096 die
575 4057 666 4097 causa
693 4036 773 4096 inter
800 4034 952 4096 hlathiam
985 4033 1175 4116 [reniparem
1202 4049 1232 4097 et
1257 4035 1385 4097 fratrem
1410 4057 1504 4098 suurn

246 4141 441 4222 Stephanum
468 4143 612 4203 similiter
638 4141 828 4223 lrenlparem
847 4142 974 4203 racione
999 4156 1029 4202 et
1046 4156 1189 4223 pretextu
1214 4144 1426 4223 quarumdam
1452 4164 1505 4205 cu·

244 4249 336 4325 tium,
361 4250 448 4329 quod
467 4250 550 4310 idem
570 4248 750 4330 Stephanus
766 4269 821 4308 sua
840 4249 985 4330 potencia
1010 4248 1170 4310 mediante
1189 4249 1334 4310 intrasset
1351 4264 1381 4312 et
1405 4251 1504 4312 dictas

245 4369 332 4416 cutes
349 4375 431 4432 suas,
451 4357 493 4416 uti
509 4358 677 4433 asserebat,
695 4356 902 4436 deportasset,
916 4355 1007 4435 jurati
1026 4355 1259 4436 adjudicarunt,
1277 4357 1364 4437 quod
1383 4378 1419 4417 ex
1437 4377 1502 4438 quo

245 4461 330 4521 idem
350 4461 529 4542 Stephanus
555 4463 584 4522 in
611 4462 744 4522 domum
769 4481 858 4522 suam
877 4462 1010 4523 liberam
1029 4463 1175 4544 potencia
1198 4464 1358 4524 mediante
1377 4464 1506 4525 intravit

245 4582 275 4627 et
300 4567 398 4628 dictas
423 4581 510 4627 cutes
533 4567 636 4628 fratris
660 4569 707 4628 sui
727 4569 915 4649 deportavit,
941 4582 1036 4648 prout
1059 4570 1213 4631 solusmet
1236 4571 1404 4645 asserebat,
1429 4591 1504 4631 con·

245 4673 346 4734 victus
371 4687 416 4734 est
441 4693 538 4755 penes
560 4689 674 4735 statuta
699 4674 834 4735 civitatis
857 4674 888 4735 in
918 4674 987 4736 flor.
1012 4676 1088 4752 XX,
1122 4674 1259 4757 prefatas
1288 4689 1393 4737 autem
1417 4692 1504 4737 cutes

246 4779 351 4840 eidem
376 4779 500 4841 solvere
525 4781 650 4842 debeat.
