3502 5264
633 305 720 363 Anno
742 315 830 380 1525.
854 336 898 347 -
920 317 951 381 4.
976 304 1103 378 augusti.

658 515 849 577 Valentinus
873 515 1024 596 agricola.

663 621 822 701 Georgius
851 619 1042 703 Golwbych.

660 725 820 808 Georgius
844 726 973 809 sellipar
997 728 1038 790 de
1063 728 1134 790 vico
1158 743 1314 792 sutorum.

662 833 822 913 Georgius
846 852 966 896 cursor.

658 940 815 1001 Martinus
839 940 1068 1021 carpentarius.

660 1046 807 1107 Thomas
830 1047 1061 1127 carpentarius.

661 1153 805 1213 Andreas
830 1172 941 1234 sporar
965 1152 1004 1214 de
1029 1153 1100 1214 vico
1124 1166 1282 1216 sutorum.

661 1257 815 1319 Nicolaus
839 1257 969 1342 thyslar.

662 1365 839 1448 Stephycza
864 1378 964 1426 sutor.

663 1472 824 1555 Georgius
844 1474 1010 1557 Kranyecz
1035 1473 1075 1535 de
1101 1474 1171 1536 vico
1196 1487 1353 1537 sutorum.

663 1579 781 1641 Paulus
804 1594 903 1642 sutor.

663 1686 816 1749 Nicolaus
840 1686 1011 1749 aurifaber.

350 1900 427 1962 ltem
453 1900 484 1960 in
510 1918 603 1962 causa
627 1899 709 1960 inter
734 1898 931 1960 Dorotheam
957 1917 1090 1960 uxorem
1116 1898 1271 1979 Stephani
1297 1899 1448 1977 Kalman‚
1472 1912 1509 1961 ut

243 2007 405 2085 actricem,
429 2021 460 2066 et
483 2010 610 2067 Annam
635 2005 778 2069 relictam
804 2004 941 2067 condam
967 2005 1078 2066 Jacobi
1103 2004 1216 2066 decani
1241 2018 1272 2066 et
1296 2004 1506 2067 Kathetiuam

244 2133 377 2176 uxorem
402 2114 529 2195 Repecz
554 2111 652 2174 filiam
671 2111 821 2175 videlicet
845 2112 1002 2189 eiusdem,
1024 2131 1103 2190 reas,
1120 2131 1214 2174 causa
1239 2125 1326 2174 mota
1350 2126 1381 2173 et
1405 2111 1507 2174 venti·

245 2220 319 2298 lata,
343 2219 589 2300 adjudicataque
614 2216 682 2296 luit,
707 2219 837 2280 tandem
855 2218 894 2281 ad
920 2218 1115 2300 peticionem
1139 2217 1242 2279 tocius
1265 2217 1507 2279 communitatis

243 2340 274 2388 et
297 2339 521 2387 extraneorum
557 2327 716 2386 bonorum
750 2325 893 2387 virorum
926 2324 1010 2389 dicta
1035 2324 1199 2386 Dorothea
1231 2321 1351 2407 prefate
1375 2323 1506 2386 domine

245 2425 338 2494 Asine
364 2452 426 2494 una
451 2451 522 2494 cum
547 2431 611 2493 filia
636 2432 779 2494 eiusdem
805 2432 948 2515 pepercit
973 2431 1029 2493 tali
1053 2433 1113 2494 sub
1138 2431 1342 2511 condicione,
1367 2430 1455 2513 quod
1481 2431 1506 2493 si

246 2540 464 2621 peramplius
495 2554 524 2600 et
557 2554 668 2621 expost
697 2541 728 2600 in
760 2539 879 2601 talibus
911 2553 1035 2621 reperta
1066 2536 1181 2616 luerit,
1210 2553 1325 2600 extunc
1349 2538 1440 2621 penis
1474 2538 1506 2599 in

245 2647 405 2708 sentencia
438 2645 613 2724 juratorum
638 2661 669 2708 et
699 2647 861 2708 seniorum
888 2645 1030 2726 judicum
1063 2645 1230 2728 expressis,
1262 2659 1385 2708 semota
1417 2646 1506 2707 omni

248 2752 465 2813 misericordia
493 2753 654 2831 subjaceat
679 2772 717 2814 eo
742 2750 835 2813 lucto.

392 3003 486 3081 Feria
517 3021 611 3080 sexta
642 3022 720 3081 ante
748 3011 870 3081 festum
899 3008 987 3081 beati
1017 3011 1106 3081 Petri
1138 3011 1177 3080 ad
1210 3010 1361 3080 Vincula.

786 3177 849 3240 (28.
868 3182 964 3256 julie).

353 3335 475 3397 lielicta
502 3336 788 3419 Zabochlrowycha
813 3352 923 3399 contra
952 3358 1084 3400 uxorem
1111 3339 1204 3400 Blasii
1231 3338 1510 3416 molendinatoris,

249 3443 387 3504 Emerici
414 3442 541 3520 literati,
566 3443 669 3524 primo
694 3445 786 3504 citata
813 3464 876 3505 non
903 3447 1093 3526 comparuit.

552 3680 647 3753 lesia
678 3695 774 3754 sexta
804 3695 881 3755 autc
912 3685 1017 3755 llarie
1046 3685 1085 3755 de
1115 3684 1204 3756 Nive.

772 3846 817 3914 (51.
842 3838 984 3911 oupuslr').

355 3991 491 4053 Mathias
516 3991 644 4074 pellifex
672 3995 710 4054 ad
746 3995 932 4056 instanciam
968 3996 1126 4056 Francisci
1152 3991 1303 4057 aurifabri
1337 3993 1442 4076 primo
1466 3993 1509 4055 ci·

250 4109 333 4157 tatus
357 4116 422 4158 non
448 4100 637 4180 comparuit.

356 4222 478 4284 Eodem
497 4224 549 4284 die
568 4222 762 4304 Wolfangus
779 4223 917 4287 carnifex
934 4225 973 4285 atl
993 4226 1181 4287 instanciam
1201 4224 1332 4307 Georgii
1351 4223 1511 4287 Carneote

249 4329 353 4410 primo
379 4330 492 4391 citatus
517 4350 579 4391 non
607 4333 795 4413 comparuit.

357 4452 479 4513 Eodem
513 4454 563 4513 die
590 4454 723 4538 Symoni
750 4453 839 4517 labro
872 4457 964 4517 datus
996 4473 1041 4518 est
1073 4459 1229 4518 terminus
1253 4457 1292 4518 ad
1318 4454 1508 4517 instanciam

252 4557 337 4618 Luce
363 4558 520 4639 selliparis
544 4575 578 4620 ut
603 4562 634 4621 in
660 4563 764 4642 primo
791 4562 909 4635 judicio
935 4565 1051 4624 debeat
1075 4564 1281 4645 respondere.

357 4683 478 4744 Eodem
505 4685 557 4746 die
583 4686 717 4747 Nicolao
743 4685 904 4767 freniparo
937 4688 976 4748 de
1002 4688 1072 4749 vico
1105 4688 1198 4749 datus
1222 4702 1268 4749 est
1291 4687 1448 4750 terminus
1470 4685 1512 4749 ed

251 4786 439 4850 instanciam
466 4790 574 4853 relicte
599 4791 808 4876 Zrebnychne
837 4793 868 4855 in
902 4795 1006 4876 primo
1023 4793 1144 4875 judicio
1169 4795 1283 4856 debeat
1307 4791 1513 4876 respondere.
