3502 5264
248 371 307 432 114
605 352 691 410 Anno
713 344 806 428 1496.
830 382 874 393 -
896 363 946 410 10.
969 350 1141 423 septembris.

349 564 454 627 Causa
479 564 560 625 inter
578 561 786 624 Dominicum
811 559 955 645 Peroych
973 574 1003 623 et
1020 560 1146 622 nobiles
1169 559 1333 623 Thomam
1359 575 1391 623 et
1407 561 1431 623 F
1436 580 1509 623 ran·

244 671 362 733 ciscum
389 671 428 733 de
454 668 602 752 Bachyan
627 667 772 749 sequitur
788 666 902 728 ordine
927 665 1147 749 infrascripto:
1172 670 1268 728 Anno
1287 667 1420 729 Domini
1439 668 1513 730 mil-

246 777 359 838 lesimo
373 775 691 859 quadringentesimo
709 773 920 855 nonagesimo
936 787 1036 852 sexto,
1052 772 1130 834 feria
1147 775 1286 835 secunda
1305 788 1378 856 post
1394 772 1513 836 festum

244 885 336 945 beate
362 883 460 944 Maris
479 882 518 943 de
537 882 628 958 Nive,
653 881 817 941 venientes
836 880 934 941 nostri
954 880 985 940 in
1004 880 1202 959 presenciam
1220 880 1347 941 nobiles
1364 879 1514 942 Thomas

243 990 282 1049 de
308 989 455 1071 Bachyan
481 1003 511 1050 et
537 987 723 1049 Franciscus
749 984 843 1046 frater
876 987 944 1047 eius
969 985 1105 1046 carnalis
1138 1005 1211 1047 cum
1237 985 1337 1047 literis
1362 985 1509 1047 illustris·

243 1095 314 1156 simi
352 1095 475 1156 domini
513 1095 613 1155 nostri
650 1092 774 1154 domini
811 1091 901 1153 ducis
934 1092 1028 1153 nobis
1060 1093 1258 1173 preceptorie
1291 1091 1512 1172 loquentibus,

243 1222 378 1284 quarum
403 1200 638 1263 continenciam
664 1199 702 1260 de
728 1200 826 1259 verbo
850 1199 889 1260 ad
914 1200 1047 1260 verbum
1072 1198 1112 1258 ad
1137 1212 1317 1280 presentem
1343 1212 1509 1260 cateruam

245 1309 371 1371 inscribi
397 1306 541 1384 fecimus,
566 1320 597 1367 et
621 1325 729 1366 earum
754 1305 917 1366 literarum
942 1319 1034 1366 tenor
1066 1305 1138 1365 talis
1162 1318 1225 1366 cst:
1251 1305 1318 1365 Nos
1343 1302 1507 1366 Johannes

244 1415 409 1477 Coruinus
426 1413 586 1496 Oppauie,
606 1412 819 1494 liptouieque
844 1412 907 1471 dux
925 1431 962 1471 ac
982 1430 1154 1491 regnotum
1174 1410 1349 1488 Dalmacie,
1367 1408 1502 1473 Croacie

246 1535 277 1581 et
302 1519 475 1581 Sclauonie
501 1521 602 1580 banus
634 1532 692 1578 etc.
719 1517 864 1578 Providis
887 1537 922 1578 ac
955 1517 1192 1599 circumspectis
1208 1517 1306 1598 judici
1328 1533 1359 1579 et
1382 1518 1506 1599 juratis,

243 1625 506 1707 universitatique
523 1625 642 1686 civium
660 1623 796 1685 civitatis
812 1638 919 1684 nostre
938 1623 1230 1704 Montisgrecensis,
1243 1622 1393 1685 fidelibus
1409 1623 1504 1685 nobis

242 1734 364 1795 sincere
389 1733 523 1811 dilectis,
548 1733 683 1793 salutem
709 1745 740 1793 et
764 1746 903 1792 nostram
940 1731 1209 1792 benivolenciam.
1243 1731 1432 1813 Expositum
1459 1745 1507 1793 est

244 1841 338 1901 nobis
362 1859 420 1922 pro
443 1855 532 1922 parte
557 1838 716 1900 nobilium
741 1837 870 1898 Thome
902 1851 934 1899 et
957 1836 1117 1898 Fraucisci
1143 1837 1182 1899 de
1209 1837 1358 1920 Bacbyan
1392 1853 1423 1899 et
1447 1838 1505 1900 do·

243 1947 329 2008 mine
355 1946 527 2008 Katherine
552 1945 662 2007 matris
692 1944 892 2020 eorumdem,
914 1962 972 2004 nec
1004 1962 1067 2004 non
1101 1944 1232 2005 domine
1256 1947 1350 2004 Anne
1373 1944 1505 2022 sororis,

242 2055 379 2135 qualiter
404 2054 490 2136 ipsos
513 2052 653 2134 quedam
678 2052 794 2112 domus
819 2050 849 2111 in
875 2049 930 2111 illa
962 2065 1069 2111 nostra
1093 2051 1221 2111 civitate
1245 2069 1343 2131 quam
1367 2049 1500 2130 quidam

244 2160 371 2221 Domko
398 2159 571 2241 Perosisch
597 2158 780 2241 possidebat
811 2157 1012 2239 temporibus
1042 2157 1273 2239 superioribus,
1298 2157 1386 2238 ipsos
1409 2176 1507 2238 expo-

243 2281 354 2327 nentes
393 2264 459 2337 iure
492 2264 686 2327 hereditatio
718 2277 941 2340 concerneret,
981 2277 1077 2345 atque
1115 2263 1172 2345 ipsi
1206 2262 1402 2325 sufficiencia
1436 2263 1506 2344 jura

244 2372 360 2435 babere
385 2393 417 2434 se
443 2370 652 2434 altirmarunt.
677 2370 837 2432 Nolumus
868 2385 975 2432 tamen
1001 2389 1060 2431 nos
1091 2371 1277 2452 quempiam
1303 2370 1336 2431 in
1360 2371 1505 2453 ipsorum

243 2480 344 2559 justis,
369 2481 452 2542 vetis
474 2497 505 2542 et
530 2480 696 2561 legittimis
712 2479 835 2562 juribus
855 2480 985 2561 privari,
1002 2480 1154 2561 quocirca
1172 2480 1272 2540 Vobis
1295 2477 1409 2541 harum
1426 2480 1507 2541 serie

242 2589 445 2670 presencium
470 2587 667 2648 strictissime
700 2585 932 2648 committimus
956 2600 987 2647 et
1019 2587 1221 2663 mandamus,
1244 2587 1393 2669 ampliori
1418 2606 1507 2648 mau-

242 2694 318 2757 dato
342 2694 516 2776 superinde
541 2713 606 2754 non
631 2707 808 2774 expectato,
839 2706 1010 2754 annotatos
1034 2692 1198 2754 Thomam
1233 2708 1264 2754 et
1289 2693 1507 2770 Franciscum,

243 2819 369 2862 necnon
394 2801 560 2861 dominam
594 2798 802 2860 katherinam
834 2813 968 2859 matrem
1000 2814 1031 2859 et
1060 2805 1189 2860 Annam
1220 2818 1376 2873 sororem,
1396 2799 1508 2860 revisis

243 2907 385 2988 ipsorum
403 2909 486 2968 seris
502 2922 533 2967 et
549 2906 714 2986 legittimis
725 2905 942 2978 iuribusiuxta
958 2906 1125 2987 antiquam
1142 2922 1173 2968 et
1190 2909 1400 2987 approbatam
1410 2905 1507 2966 liber·

242 3027 339 3074 tatem
352 3029 382 3074 et
398 3012 662 3075 eonssetudinem
688 3012 787 3093 ipsius
804 3027 909 3073 nostre
926 3012 1063 3075 civitatis
1086 3014 1119 3073 in
1135 3012 1318 3074 dominium
1336 3010 1504 3095 pacificum

243 3118 330 3180 illius
346 3120 462 3181 donnus
478 3134 509 3180 et
533 3120 803 3201 pertinentiarum
820 3120 1018 3200 quibuslibet
1035 3119 1075 3180 ad
1093 3120 1194 3201 ipsam
1211 3118 1347 3180 domum
1371 3118 1411 3180 de
1435 3117 1505 3197 jure

242 3212 336 3287 et'ab
360 3227 495 3307 antiquo
518 3227 736 3309 spectantibus
759 3242 790 3287 et
810 3226 969 3307 pertinere
993 3226 1187 3287 debentibus
1203 3227 1425 3302 introducatis,
1440 3240 1504 3285 sta·

241 3332 402 3413 tuatisque
426 3332 548 3393 eisdem
574 3332 643 3401 iura
668 3333 816 3393 universa
848 3333 935 3394 illius
958 3334 1096 3394 civitatis
1127 3334 1205 3414 ipsis
1228 3333 1390 3393 annotatis
1410 3349 1508 3413 super

243 3438 331 3500 illam
356 3440 491 3500 domum
516 3454 547 3499 et
571 3440 785 3522 pertinencias
805 3439 969 3501 extradere
987 3442 1107 3521 sisque
1132 3440 1198 3500 ulla
1215 3437 1507 3521 procrastinatione

241 3544 385 3606 debeatis
408 3560 439 3606 et
463 3545 552 3606 aliud
577 3545 786 3606 nullomodo
811 3544 934 3607 faciatis
950 3548 975 3607 si
994 3563 1135 3608 nostram
1161 3546 1424 3626 indignacionem
1440 3544 1507 3606 eri·

241 3664 308 3712 tate
331 3653 457 3733 cupitis.
476 3652 681 3712 l‘resentibus
698 3653 856 3732 perlectis
882 3654 1044 3715 exhibenti
1062 3655 1225 3714 restitutis.
1243 3653 1361 3713 Datum
1378 3650 1506 3734 Bibygii

242 3758 274 3816 in
300 3754 440 3838 preneste
467 3759 565 3818 blatis
591 3758 630 3818 de
656 3759 749 3825 Nise.
782 3779 867 3819 anno
893 3759 1024 3820 Domini
1058 3761 1234 3821 millesimo
1257 3759 1506 3840 quadringente·

241 3864 324 3923 simo
348 3879 445 3924 sexto.
467 3900 500 3907 --
523 3865 589 3924 Nos
613 3881 721 3945 usque
739 3868 900 3925 ntandstis
917 3868 1016 3945 :psius
1033 3868 1157 3927 domini
1176 3867 1267 3926 ducis
1282 3866 1506 3944 obtemperare

242 3974 408 4049 cupientes
433 3986 466 4031 ut
490 3986 649 4035 tenemur.
675 3974 758 4031 ³usts
792 3988 932 4032 neutram
967 3975 1232 4034 transsetuc'inem
1258 3970 1382 4053 pretato
1406 3970 1506 4031 Dom-

242 4078 317 4135 λοι-ιι
344 4075 571 4156 praefixeramus
595 4094 768 4137 :tritt-nme
794 4080 1038 4158 punice-man:
1057 4082 1142 4140 aren:
1169 4099 1224 4160 per
1248 4079 1357 4138 literas
1372 4091 1506 4153 nostras,

242 4196 275 4241 u:
300 4204 323 4240 s:
350 4186 427 4261 qia-..i
454 4186 582 4242 baberet
607 4184 748 4243 secians
772 4204 844 4244 css:
878 4182 1008 4263 ernist-s
1036 4186 1162 4245 linctus
1188 4202 1217 4245 e:
1243 4184 1414 4244 francisco
1437 4183 1506 4265 ipae

628 4309 657 4347 ·..
684 4312 692 4347 t
716 4311 726 4329 a
754 4312 775 4323 ··
803 4311 989 4371 <caesarve
1023 4295 1171 4353 secret:
1196 4311 1262 4372 qao
1287 4292 1426 4351 :ermino
1448 4290 1505 4350 ad·

579 4395 587 4419 ¹
640 4415 659 4429 “
696 4416 751 4455 η.
793 4413 839 4477 t,
969 4402 1038 4459 lter
1065 4400 1503 4461 monumentum

688 4524 695 4535 ·
734 4522 742 4535 ·
782 4520 801 4559 :·
841 4524 968 4564 e
996 4524 1088 4564 sset
1121 4524 1192 4563 cunt
1226 4502 1506 4564 ‘urstismleures

241 4620 347 4665 neutra
371 4624 595 4667 tussitantes:
613 4624 804 4671 ssttstsccre.
829 4614 1029 4670 deessemus
1054 4626 1087 4670 u:
1105 4631 1204 4671 :teres
1227 4626 1273 4670 es:
1296 4608 1382 4671 sedis
1396 4622 1504 4671 nom

239 4714 357 4773 trinam
382 4724 540 4774 rotensem
558 4716 853 4795 mammetem
877 4734 910 4777 u:
929 4732 1072 4799 metatus
1089 4718 1218 4778 lumen
1233 4732 1290 4778 aut
1303 4716 1355 4778 sui
1371 4712 1507 4777 heredes

241 4818 324 4879 intra
346 4832 520 4881 temanum
545 4838 622 4899 qaas
647 4820 803 4901 prensam
829 4841 937 4884 natam
962 4828 1058 4885 orabas
1079 4824 1120 4883 sd
1144 4822 1408 4905 «motass-
1430 4838 1505 4905 pe·
