3502 5264
246 349 310 429 264
798 346 949 406 Addenda.

351 560 465 622 Testes
489 557 636 642 producti
662 559 692 618 in
714 577 807 619 causa
832 556 952 619 Mathie
977 568 1008 617 et
1026 556 1110 618 Petri
1128 557 1376 639 procedentium
1395 569 1505 618 contra

244 665 415 729 Nicolaum
433 664 580 727 Thothar
597 665 636 725 de
651 665 733 742 vic0,
751 663 828 725 feria
849 679 934 725 sexta
949 663 1093 745 proxima
1111 678 1183 744 post
1200 662 1354 746 Corporis
1371 661 1502 725 Christi.

243 773 369 834 Primus
392 771 480 834 testis
496 771 686 832 Ambrosius
710 771 865 852 presbiter
889 770 1067 851 depositam
1097 788 1186 832 more
1217 769 1314 831 solito
1338 769 1503 830 conscien-

244 880 337 957 ciam,
361 879 405 939 sic
430 877 530 939 fassus
561 891 625 938 est:
658 876 745 958 quod
771 895 842 937 cum
872 876 1015 937 amicicia
1050 875 1199 936 inductus
1231 895 1368 937 unacum
1398 876 1502 937 nomi·

243 985 325 1046 natis
356 985 517 1045 actoribus
553 982 702 1044 videlicet
728 982 846 1044 Mathia
880 996 911 1043 et
940 982 1033 1043 Petro
1059 983 1197 1043 venisset
1231 983 1338 1064 gracia
1369 982 1501 1043 bibendi

244 1091 276 1152 in
302 1091 434 1151 domum
468 1089 592 1150 Nicolai
625 1087 772 1149 Thothar
804 1088 843 1148 de
877 1091 959 1154 vic0.
994 1087 1102 1169 ibique
1136 1088 1363 1166 consedissent,
1388 1102 1504 1150 extunc

244 1196 401 1258 nominati
418 1210 540 1257 actores
557 1213 669 1275 rogare
682 1195 722 1254 ab
740 1212 838 1255 uxore
855 1194 929 1254 dicti
948 1193 1073 1255 Nicolai
1092 1213 1218 1255 caseum
1238 1208 1268 1255 et
1284 1213 1344 1256 ova
1362 1194 1507 1276 pecuniis

244 1315 406 1384 ceperunt,
427 1301 537 1383 ibique
561 1319 645 1361 unus
676 1312 821 1361 actorum
845 1299 956 1360 Petrus
974 1300 1105 1361 nomine
1130 1320 1205 1362 casu
1223 1301 1364 1382 quodam
1389 1299 1506 1383 pedem

244 1410 284 1469 ad
308 1426 496 1488 scampnum
523 1407 640 1489 posuit,
665 1406 750 1467 unde
768 1407 884 1467 mulier
909 1407 975 1488 ipsa
993 1407 1122 1468 incitata
1146 1407 1234 1469 venit
1258 1407 1289 1468 in
1308 1408 1433 1469 stubam
1450 1426 1507 1469 seu

244 1514 448 1596 vaporarium
474 1514 591 1574 domus
614 1532 681 1591 sue,
707 1512 792 1574 unde
817 1514 856 1574 ad
882 1512 1105 1574 incitacionem
1133 1513 1216 1574 dicte
1241 1513 1385 1574 mulieris
1401 1512 1505 1575 dictus

244 1621 396 1682 Nicolaus
420 1619 502 1681 furia
526 1620 668 1701 repletus
693 1619 819 1681 venite
845 1619 943 1680 domo
961 1637 1034 1680 cum
1059 1620 1162 1681 cultro
1179 1621 1326 1699 suttorio,
1351 1620 1507 1702 dixitque,

244 1727 331 1808 quod
357 1726 431 1787 dicti
457 1741 580 1787 actores
604 1725 755 1786 videlicet
779 1724 916 1786 Mathias
948 1740 979 1787 ct
1003 1724 1115 1786 Petrus
1140 1745 1203 1786 non
1229 1739 1335 1788 essent
1358 1725 1508 1788 homines

243 1833 299 1893 sed
324 1833 474 1910 latrones,
498 1851 594 1913 super
618 1851 681 1912 qua
706 1851 739 1892 re
764 1831 839 1892 dicti
872 1844 994 1892 actores
1020 1831 1139 1893 ibidem
1165 1845 1196 1892 et
1220 1831 1335 1894 eodem
1360 1845 1505 1915 tempore

243 1940 452 2002 Ambrosium
478 1953 509 2002 et
532 1938 733 1999 Anthonium
764 1937 972 2019 procedentes
1001 1938 1105 1999 testati
1130 1951 1213 2016 sunt,
1239 1951 1273 1999 ut
1295 1957 1368 1999 cum
1393 1957 1501 2000 neces·

244 2047 362 2109 sarium
381 2044 476 2107 fuerit
496 2045 557 2128 juri
581 2045 728 2106 adessent
756 2044 936 2124 seriemque
960 2043 1062 2105 tocius
1086 2045 1130 2105 rei
1155 2044 1289 2125 juridice
1314 2057 1345 2105 et
1368 2042 1505 2106 fideliter

244 2166 437 2216 enarrarent.

350 2257 517 2320 Secundus
540 2256 628 2318 testis
651 2255 836 2317 Anthonius
859 2256 1035 2338 procedens
1059 2255 1273 2339 pariformiter
1296 2256 1328 2317 in
1353 2256 1505 2318 omnibus

242 2364 384 2425 articulis
407 2378 436 2424 et
459 2363 584 2444 punctis
608 2376 738 2423 testatus
755 2375 801 2423 cst
825 2377 859 2424 ut
876 2377 906 2424 et
930 2363 1061 2445 primus,
1080 2363 1176 2424 nichil
1195 2382 1253 2424 nec
1270 2362 1419 2425 addendo
1443 2381 1504 2424 nec

243 2469 465 2532 diminuendo

849 2670 888 2740 ll.

655 2822 878 2901 (Annotationes
901 2821 1081 2903 historicae).

348 2968 427 3027 Ann.
453 2962 544 3043 1476.
571 2962 603 3023 ln
629 2982 715 3024 anno
741 2963 871 3024 Domini
898 2963 1072 3024 millesimo
1097 2963 1416 3044 quadringentesimo
1434 2985 1504 3049 sep-

242 3070 422 3150 tuagesimo
447 3084 546 3146 sexte,
572 3069 632 3130 isto
657 3088 742 3130 anno
767 3069 943 3131 combussit
967 3066 1156 3153 Chalapya'
1182 3069 1333 3134 Crisium.

348 3179 426 3237 Ann.
452 3188 540 3252 1521.
565 3181 660 3236 Anno
686 3175 816 3236 Domini
851 3175 1024 3236 millesimo
1056 3176 1316 3256 quingentesimo
1348 3177 1505 3257 vigesimo

242 3283 357 3365 primo,
382 3296 472 3363 capta
498 3295 545 3343 cst
568 3302 624 3363 per
649 3281 800 3343 Cesarem
826 3282 1028 3344 Thurcarum
1048 3283 1100 3343 illa
1119 3283 1319 3345 nobilissima
1344 3298 1375 3345 ct
1399 3285 1504 3346 muni·

241 3390 362 3452 tissima
387 3389 496 3450 civitas
520 3389 737 3451 Nandoralba.

347 3497 541 3572 Ann.1522.
572 3500 668 3555 Anno
695 3494 825 3555 Domini
851 3494 1025 3557 millesimo
1057 3497 1317 3578 quingentesimo
1347 3497 1503 3577 vigesimo

241 3602 384 3664 secundo
410 3600 469 3662 fuit
493 3615 573 3662 terre
599 3615 705 3662 motus
730 3619 874 3679 magnus.

346 3710 538 3784 Arrn.152o.
573 3711 668 3767 Anno
694 3707 825 3767 Domini
859 3707 1032 3768 millesimo
1064 3708 1322 3790 quingentesimo
1347 3709 1502 3788 vigesimo

241 3827 340 3876 sexto,
367 3813 421 3874 Pie
439 3813 594 3874 memorie
614 3811 799 3873 Ludouicus
816 3832 868 3872 rex
893 3812 1058 3893 Hungarie
1084 3815 1115 3875 in
1134 3833 1249 3895 campo
1275 3812 1410 3874 Muhach
1429 3831 1500 3874 cum

241 3919 378 3981 maxima
404 3919 611 3980 multitudine
637 3917 894 3979 Christianorum
912 3919 1016 3999 periit,
1043 3918 1141 3980 Cesar
1165 3935 1271 3980 autem
1299 3918 1500 3980 Thurcarum

241 4046 314 4088 cum
337 4027 487 4088 trecentis
511 4026 655 4087 millibus
672 4025 841 4086 hominum
858 4024 1015 4105 peditum,
1039 4025 1272 4105 armigerorum
1291 4040 1321 4086 et
1345 4026 1500 4107 equitum,

241 4133 332 4214 quasi
356 4147 456 4194 totam
482 4132 682 4213 Hungariam
701 4150 800 4213 prope
825 4131 1009 4192 Danubium
1028 4131 1137 4211 gladio
1162 4145 1193 4192 et
1217 4132 1289 4212 igne
1315 4132 1500 4207 devastavit,

241 4238 468 4320 civitatemque
493 4238 675 4300 Budcnscm
702 4252 733 4299 et
762 4237 1069 4318 Quinqueecclesias
1101 4238 1183 4318 ignis
1207 4238 1357 4299 incendio
1381 4239 1500 4319 gravis-

240 4345 323 4407 simo
347 4346 555 4427 consumpsit,
587 4345 798 4426 hominesque
830 4344 997 4425 utriusque
1029 4363 1122 4407 sexus
1154 4364 1191 4405 ex
1224 4345 1390 4424 Hungaria
1415 4347 1499 4426 plus-

241 4471 337 4534 quam
362 4451 597 4534 quinquaginta
622 4452 723 4512 millia
741 4451 910 4513 hominum
927 4469 1001 4513 cum
1025 4450 1203 4532 t(b)ezauro
1221 4449 1346 4511 infinito
1371 4450 1499 4532 pacifice

241 4558 336 4621 rediit
360 4572 390 4620 et
413 4578 521 4620 secum
546 4558 688 4620 abduxit.

347 4738 360 4767 ⁸
381 4721 471 4786 Celebi
490 4736 560 4801 peda.
