3502 5264
616 1356 743 1456 (Mna
771 1355 928 1444 Domini
954 1355 1123 1458 unat.)

799 1731 949 1807 (Scheria).

347 1887 452 1950 Causa
473 1889 566 1967 ⁴inter
597 1888 706 1949 Roslto
738 1903 769 1951 et
801 1889 938 1971 Maxyan
969 1890 1013 1950 sic
1045 1903 1091 1951 est
1122 1887 1321 1968 adjudicata,
1353 1904 1387 1951 ut
1419 1907 1500 1970 quo·

243 1994 329 2054 niam
355 1995 422 2075 ipse
448 1995 556 2055 Rosko
590 1995 782 2056 multociens
813 1995 947 2077 juridice
971 2015 1027 2057 sua
1059 1996 1181 2077 optavit
1212 1995 1367 2076 nulloque
1400 1995 1500 2056 modo

243 2101 360 2161 habere
384 2100 500 2182 potuit,
517 2115 547 2161 et
573 2101 603 2160 in
622 2098 703 2162 lacto
728 2120 786 2162 suo
800 2115 902 2163 certos
919 2101 1066 2163 homines
1079 2102 1236 2180 arestavit,
1254 2122 1290 2163 ex
1309 2121 1375 2184 quo
1392 2116 1499 2163 tamen

244 2206 309 2288 ipse
343 2207 478 2289 Maxyan
520 2206 640 2267 dictum
675 2207 784 2269 Roslto
823 2209 862 2268 ab
900 2209 966 2289 ipsa
1005 2208 1098 2269 vinea
1138 2207 1361 2289 prohibuerat,
1396 2207 1499 2268 dictus

243 2312 381 2394 Marsyan
408 2313 439 2372 in
467 2313 613 2393 expensis
647 2326 678 2372 et
710 2312 930 2374 solutionibus
963 2313 1113 2374 omnibus
1144 2314 1182 2373 ad
1216 2331 1298 2393 quos
1321 2313 1435 2393 aliquit
1470 2313 1499 2372 in

244 2417 327 2478 dicta
352 2437 447 2479 causa
464 2432 620 2500 spectaret
644 2432 690 2480 est
707 2419 889 2494 convictus;
913 2418 1042 2481 tandem
1060 2438 1154 2500 super
1171 2419 1311 2499 quitquit
1336 2419 1367 2478 in
1393 2418 1502 2478 labore

244 2538 274 2583 et
298 2523 510 2585 cultivacione
536 2523 635 2604 ipsius
658 2524 751 2585 vinee
776 2524 879 2586 dictus
909 2525 1017 2585 Rosko
1035 2524 1137 2606 jurare
1162 2524 1318 2602 debuerit,
1343 2525 1409 2605 ipse
1435 2524 1501 2584 Ma·

244 2648 326 2710 xyan
351 2629 409 2709 ipsi
435 2627 602 2689 refundere
628 2630 723 2691 debet
747 2645 778 2689 et
801 2630 970 2708 tenebitur,
996 2631 1122 2691 vineam
1153 2645 1260 2691 autem
1287 2629 1413 2690 Maxian
1442 2648 1501 2710 pro

243 2754 274 2794 se
300 2749 405 2795 teneat
430 2749 459 2795 et
484 2734 654 2815 possideat.
681 2735 816 2817 Maxyan
840 2735 880 2796 ad
905 2735 1046 2796 seniores
1069 2734 1253 2816 appellavit.

349 2857 453 2919 Causa
479 2859 559 2919 inter
583 2857 772 2920 Michaelem
790 2874 820 2920 et
845 2859 1010 2937 Mathiam,
1035 2879 1092 2920 nec
1118 2879 1181 2921 non
1207 2856 1500 2921 confraternitatem

243 2978 387 3025 sutorum
412 2983 470 3045 pro
495 2978 583 3045 parte
616 2964 782 3025 cuiusdam
814 2965 913 3026 debiti
946 2964 1014 3026 flor.
1051 2966 1161 3025 decem
1195 2980 1225 3026 et
1248 2966 1355 3041 trium,
1387 2965 1431 3025 sic
1456 2978 1503 3026 est

244 3070 405 3148 conclusa,
430 3083 463 3131 ut
488 3070 637 3130 videlicet
670 3070 773 3131 dictus
807 3070 941 3133 Mathias
972 3087 1002 3133 et
1034 3071 1171 3132 Michael
1203 3071 1322 3132 dictum
1356 3071 1501 3132 debitum

244 3176 378 3238 omnino
403 3176 596 3257 persolvant,
623 3177 681 3258 ipsi
707 3177 737 3237 in
755 3177 905 3237 omnibus
929 3176 1059 3238 tandem
1077 3177 1170 3238 bonis
1186 3175 1317 3258 pacifice
1342 3190 1502 3255 maneant,

244 3281 331 3363 quod
356 3282 381 3342 si
406 3282 486 3343 alter
510 3301 620 3342 eorum
647 3281 731 3342 idem
747 3280 849 3342 lacere
874 3282 985 3359 nollet,
1003 3297 1118 3343 extunc
1135 3282 1279 3363 reliquus
1302 3301 1413 3343 eorum
1431 3301 1501 3364 per-

243 3389 357 3466 solvat,
381 3388 509 3449 tandem
536 3388 567 3447 in
592 3388 738 3450 dominio
764 3390 923 3449 bonorum
942 3387 1071 3469 pacifice
1096 3402 1239 3463 maneat;
1265 3387 1341 3449 seria
1366 3401 1451 3449 setta
1469 3388 1500 3448 in

244 3493 351 3572 vigilia
387 3493 626 3554 Purificacionis
658 3514 742 3554 anno
781 3515 855 3574 ¹52¹
891 3509 936 3556 est
968 3496 1132 3556 terminus.
1166 3495 1276 3555 Dictus
1302 3493 1437 3554 Michael
1461 3493 1500 3553 ad

244 3599 386 3660 seniores
404 3600 593 3681 appellavit;
611 3600 672 3660 alia
690 3619 761 3681 pars
778 3615 823 3661 est
840 3601 1033 3662 sentenciata
1050 3602 1195 3663 solvendi
1211 3600 1354 3662 decimus
1371 3600 1502 3681 quintus

249 3705 335 3780 dies;
359 3706 505 3767 similiter
530 3705 663 3766 Mathias
687 3720 775 3766 sutor
799 3707 838 3767 ad
864 3707 1005 3767 seniores
1029 3707 1210 3788 appellavit.

352 3830 491 3891 Sabbato
524 3830 671 3911 proximo
704 3844 775 3910 post
807 3830 980 3891 Valentini.
1013 3829 1116 3890 Causa
1143 3830 1224 3890 inter
1257 3830 1446 3892 Michaelem
1472 3844 1502 3892 et

243 3935 329 4016 ipsos
353 3949 476 3996 sutores
501 3955 556 4016 per
581 3935 722 3997 seniores
746 3936 790 3995 sic
815 3949 861 3996 est
888 3933 1079 4015 adjudicata,
1112 3947 1146 3994 ut
1170 3935 1322 4014 quoniam
1350 3936 1416 4018 ipse
1442 3936 1499 3997 Mi·

243 4040 331 4102 chael
358 4056 388 4102 et
412 4042 670 4121 consanguineus
696 4041 753 4122 ipsi
781 4041 924 4101 Andreas
940 4052 1052 4115 suttor,
1077 4039 1130 4119 qui
1151 4039 1294 4099 Andreas
1318 4055 1419 4101 suttor
1436 4061 1500 4101 me·

243 4146 328 4207 diam
355 4163 475 4227 partem
502 4148 600 4228 ipsius
625 4149 716 4207 vinee
741 4147 826 4206 dicto
852 4145 1000 4206 Michaeli
1030 4143 1179 4220 dedisset,
1205 4144 1323 4206 idcirco
1349 4148 1415 4227 ipse
1441 4147 1500 4208 Mi·

243 4253 332 4313 chael
358 4255 399 4313 ob
425 4254 524 4313 dictas
549 4273 658 4314 causas
683 4253 785 4314 solvat
810 4252 885 4332 ipsis
916 4251 1076 4311 sutoribus
1101 4247 1168 4310 flor.
1194 4248 1303 4310 decem
1330 4266 1359 4311 et
1384 4266 1446 4314 tres
1470 4269 1500 4314 et

242 4359 369 4420 vineam
395 4360 534 4420 totaliter
558 4380 616 4441 pro
640 4379 673 4420 se
706 4358 837 4433 habeat;
869 4357 893 4418 si
919 4369 1026 4417 autem
1059 4355 1125 4435 ipse
1152 4354 1287 4417 Michael
1313 4357 1415 4418 dictos
1437 4373 1499 4421 tre·

242 4465 347 4526 decim
371 4465 438 4527 flor.
466 4466 541 4547 ipsis
558 4465 719 4527 sutoribus
743 4464 867 4525 solvere
884 4460 995 4538 nollet,
1020 4473 1133 4519 extunc
1159 4459 1217 4540 ipsi
1242 4474 1380 4524 suttores
1398 4465 1499 4546 ipsam

242 4572 381 4634 mediam
407 4587 529 4655 partem
555 4573 637 4634 dicte
663 4573 755 4633 vinee
786 4568 926 4631 vendant
949 4565 1060 4648 quanti
1092 4564 1192 4646 pluris
1223 4585 1363 4648 proauo
1387 4569 1498 4633 debito

240 4691 385 4759 possunt.
