3502 5264
364 556 531 618 Secundus
554 556 642 616 testis
667 554 827 635 Georgius
861 555 900 615 de
926 554 1096 615 Bwkowcz
1123 551 1223 614 fassus
1256 568 1312 632 est,
1338 553 1425 635 quod
1451 574 1523 636 pre·

256 661 357 723 latum
384 664 504 724 Lucam
529 662 662 722 vidisset
685 663 877 744 pertransire
912 680 969 743 per
994 660 1134 721 mediam
1159 659 1287 720 vineam
1319 659 1443 721 domini
1476 661 1524 722 vi·

255 769 331 829 carii
356 769 470 830 eodem
496 768 547 829 die
573 788 666 829 mane
698 768 819 850 precise
855 768 886 828 in
912 781 984 828 ortu
1015 766 1112 844 solis,
1136 785 1208 826 cum
1243 765 1330 826 idem
1355 765 1387 827 in
1411 766 1524 829 alodio

254 873 377 935 domini
403 874 512 936 vicarii
537 875 678 936 triticum
704 874 916 935 contrivisset.

359 1001 496 1063 Tercius
520 1001 608 1061 testis
633 1000 779 1061 Thomas
804 998 1001 1060 Kwssewicb
1027 998 1066 1059 de
1090 998 1270 1077 Bwkowcz,
1295 1018 1368 1060 cum
1394 999 1425 1059 in
1449 999 1520 1060 Bw·

253 1110 364 1169 kowcz
390 1107 517 1169 cuidam
543 1107 726 1167 convicinio
751 1125 809 1167 suo
828 1105 969 1166 triticum
994 1105 1205 1183 contrivisset,
1230 1105 1345 1167 eodem
1371 1105 1422 1166 die
1446 1120 1521 1167 ante

253 1213 421 1274 meridiem
454 1212 585 1274 vidisset
618 1212 792 1294 quemdam
823 1211 989 1272 hominem
1022 1211 1213 1293 pertransire
1245 1211 1277 1273 in
1309 1210 1396 1293 pileo
1420 1209 1521 1290 longo

252 1319 474 1397 ltorintheano,
499 1332 606 1380 tamen
624 1318 710 1379 idem
735 1318 822 1379 testis
848 1319 974 1399 ignorat
993 1331 1098 1378 utrum
1121 1315 1262 1396 prelatus
1279 1317 1382 1378 Lucas
1396 1314 1519 1394 fuisset,

253 1445 289 1486 ex
315 1445 380 1508 quo
405 1445 470 1487 non
495 1426 576 1487 vidit
600 1445 673 1486 eum
699 1425 738 1486 ad
764 1424 889 1486 faciem.

358 1569 471 1630 Testes
506 1569 654 1649 producti
695 1569 726 1630 in
764 1567 1028 1650 reprobationem
1062 1566 1238 1628 testimonii
1277 1566 1515 1647 predictorum:

358 1710 435 1771 ltem
461 1711 664 1792 Margaretha
688 1710 789 1791 jurata
815 1724 845 1770 et
869 1709 1049 1772 examinata
1075 1706 1155 1770 fassa
1182 1722 1238 1786 est,
1263 1708 1351 1789 quod
1377 1707 1519 1790 prefatus

252 1816 354 1877 Lucas
378 1817 544 1878 dominico
568 1817 620 1878 die
639 1831 670 1878 et
688 1815 767 1879 feria
785 1817 924 1877 secunda
942 1816 1089 1898 proxima
1113 1829 1187 1876 ante
1206 1813 1322 1876 festum
1349 1815 1517 1878 Elizabeth

250 1921 348 1983 vidue
373 1936 438 1983 tota
464 1923 515 1984 die
541 1924 572 1985 in
599 1924 698 1985 domo
722 1943 778 1985 sua
803 1923 890 1984 civili
924 1922 1035 1983 luisset
1067 1935 1194 1983 etcum
1220 1921 1292 1982 aliis
1315 1921 1380 1983 suis
1403 1940 1517 1983 conso·

250 2027 380 2089 dalibus
403 2029 613 2108 convivasset,
638 2044 668 2091 et
700 2030 788 2111 quod
821 2048 880 2090 nec
904 2042 970 2091 tota
1003 2028 1056 2089 die
1081 2028 1120 2088 de
1154 2027 1253 2089 domo
1278 2047 1333 2088 sua
1359 2028 1515 2090 exivisset.

357 2135 524 2196 Secundus
548 2137 636 2197 testis
662 2136 764 2198 Bensa
783 2134 884 2197 lassus
908 2150 965 2213 est,
991 2135 1077 2216 quod
1096 2135 1164 2216 ipse
1189 2153 1262 2195 cum
1288 2133 1411 2215 prelato
1430 2135 1516 2196 Luca

250 2241 282 2302 in
309 2242 407 2304 domo
433 2244 508 2304 dieti
534 2243 633 2303 Vlrici
665 2256 730 2304 tota
757 2242 808 2303 die
842 2240 953 2303 luisset
984 2255 1016 2303 et
1047 2240 1258 2319 convivasset,
1290 2254 1321 2302 et
1345 2241 1432 2322 quod
1456 2260 1515 2303 nec

250 2347 289 2408 de
315 2348 398 2410 dicta
424 2349 522 2410 domo
546 2368 646 2429 usque
672 2349 774 2409 noctis
791 2347 1014 2430 crepusculum
1034 2344 1155 2429 prefata
1178 2344 1257 2408 feria
1282 2348 1421 2408 secunda
1448 2348 1514 2410 exi-

249 2453 355 2516 visset.

354 2560 489 2621 Tercius
512 2561 600 2621 testis
633 2558 793 2640 Georgius
824 2558 926 2620 lassus
957 2573 1014 2638 est,
1047 2559 1134 2640 quod
1168 2557 1309 2641 prefatus
1341 2560 1444 2621 Lucas
1478 2560 1510 2621 in

248 2664 347 2726 domo
374 2666 472 2747 ipsius
496 2680 527 2727 et
551 2666 715 2727 dominico
741 2667 792 2727 die
818 2679 848 2727 et
873 2666 955 2726 dicta
982 2665 1059 2726 feria
1083 2665 1224 2726 secunda
1250 2664 1371 2727 luisset.

354 2774 496 2846 Quartus
519 2774 606 2834 testis
632 2774 742 2835 Petrus
767 2772 867 2834 lassus
891 2788 938 2834 est
963 2772 1077 2834 eodem
1103 2773 1211 2835 modo.

354 2879 495 2952 Quintus
519 2881 607 2941 testis
632 2880 778 2942 Thomas
802 2879 902 2941 fassus
927 2895 974 2941 est
998 2879 1113 2940 eodem
1139 2878 1247 2942 mod0.

355 2986 459 3047 Causa
492 2987 574 3047 inter
607 2985 785 3067 Georgium
818 2985 1054 3068 carpentarium
1091 3000 1122 3046 et
1154 2985 1342 3066 magistrum
1369 2986 1512 3048 Blasium

247 3090 509 3153 archidiaconum
546 3091 765 3154 chasmensem
802 3107 832 3154 et
870 3092 1061 3153 canonicum
1106 3093 1345 3172 zagrabiensem
1384 3093 1512 3155 racione

247 3197 414 3259 cuiusdam
440 3198 538 3259 debiti
563 3219 620 3280 per
644 3199 764 3260 dictum
788 3200 976 3280 magistrum
995 3199 1137 3260 Blasium
1164 3199 1269 3261 eidem
1288 3200 1422 3281 obligati
1440 3220 1512 3282 pre·

246 3317 333 3365 textu
359 3306 573 3387 quorumdam
599 3321 759 3368 certorum
792 3307 1011 3368 laboratorum
1046 3325 1102 3388 per
1134 3307 1239 3387 ipsum
1266 3305 1443 3388 Georgium
1478 3307 1510 3368 in

247 3410 462 3492 disposicione
488 3413 653 3473 cuiusdam
679 3413 796 3473 domus
819 3413 919 3495 ipsius
951 3413 1094 3493 magistri
1121 3412 1216 3473 Blasii
1242 3428 1509 3495 consumptorum

247 3530 277 3577 et
302 3538 367 3578 non
392 3519 642 3599 persolutorum,
667 3519 760 3599 jurati
778 3519 1013 3599 adjudicarunt,
1039 3519 1125 3600 quod
1146 3519 1212 3599 ipse
1231 3518 1393 3600 Georgius
1409 3520 1510 3581 solus·

245 3637 312 3683 met
336 3623 438 3703 jurare
464 3626 503 3685 ad
527 3640 677 3686 octavum
703 3626 788 3687 diem
807 3626 938 3686 debebit
963 3645 1020 3707 pro
1038 3626 1108 3706 ipso
1133 3625 1254 3703 debito,
1280 3626 1368 3706 quod
1394 3627 1509 3688 eodem

245 3729 305 3790 sibi
330 3730 492 3811 obligatur
516 3746 546 3792 et
571 3732 673 3792 dictus
698 3733 849 3812 magister
870 3732 995 3793 Blasius
1012 3731 1131 3807 solvat3
1158 3731 1182 3791 si
1208 3733 1285 3813 quid
1311 3747 1417 3794 autem
1443 3733 1510 3815 ipse

245 3837 395 3917 magister
421 3838 544 3899 Blasius
569 3853 680 3899 contra
705 3839 844 3900 eundem
869 3839 1009 3899 accionis
1031 3837 1177 3899 habuerit
1202 3838 1335 3918 juridice
1360 3840 1510 3920 requirat.

246 3943 397 4023 Magister
423 3944 547 4005 Blasius
571 3945 610 4006 de
636 3945 696 4006 hiis
721 3965 785 4006 non
811 3959 980 4007 contentus
1004 3945 1178 4025 appellavit
1203 3945 1242 4005 ad
1268 3947 1420 4010 seniores.

351 4049 433 4110 lnter
450 4050 629 4112 Janltonem
648 4066 677 4113 et
696 4051 860 4112 Thomam
880 4053 1095 4132 Mosnyarkyn
1113 4051 1240 4111 racione
1256 4053 1507 4132 vituperacionis

245 4153 338 4232 jurati
363 4155 598 4235 adjudicarunt,
624 4158 711 4238 quod
737 4159 803 4239 ipse
829 4159 931 4219 lanko
953 4170 1083 4238 propter
1108 4157 1302 4237 vituperium
1330 4156 1510 4240 lurnosri(?)

244 4274 274 4321 et
299 4261 398 4323 duelli
425 4263 608 4344 prefixionis
633 4265 665 4325 in
690 4266 764 4326 vivo
790 4265 942 4346 homagio
973 4278 1020 4325 cst
1044 4263 1220 4340 convictus,
1245 4263 1406 4342 judicibus
1430 4286 1506 4327 vero

243 4370 341 4429 ambo
367 4369 432 4429 duo
457 4371 592 4450 quilibet
617 4372 761 4452 quinque
786 4392 899 4453 pensas
923 4370 1129 4433 denariorum
1154 4369 1278 4430 solvere
1304 4370 1444 4434 habebit.

349 4475 432 4536 lnter
458 4477 577 4538 Lucam
602 4493 632 4539 et
656 4478 806 4540 Vetulam
832 4480 958 4540 racione
995 4473 1124 4538 infamis
1159 4490 1189 4537 et
1214 4475 1504 4557 dehonestacionis,

243 4581 330 4661 quod
357 4581 495 4643 eundem
521 4582 623 4644 furem
649 4586 841 4667 appellasset
865 4599 896 4647 et
923 4582 1083 4645 sufficiens
1114 4581 1335 4645 testimonium
1361 4605 1426 4646 non
1452 4586 1506 4646 ha-

242 4686 321 4765 buit,
334 4685 426 4767 jurati
441 4688 666 4768 adjudicarunt
681 4692 799 4753 auditis
809 4691 1070 4774 probacionibus,
1083 4701 1192 4751 contra
1212 4688 1370 4770 prefatum
1386 4692 1505 4754 Lucam

242 4791 327 4854 dicta
354 4793 471 4860 mulier
496 4795 527 4860 in
553 4796 628 4858 vivo
653 4796 805 4879 homagio
829 4811 860 4860 et
883 4797 1040 4860 convicta.
