3502 5264
621 308 821 391 Ann01481.
847 346 889 357 —
909 324 943 388 9.
966 310 1138 373 membres.

461 536 605 607 Sabbata
634 532 786 624 proximo
816 542 895 605 ante
922 534 1124 605 dominicam
1151 532 1284 625 judica.

775 688 816 764 (7.
840 687 968 762 aprilis).

346 828 451 891 Causa
477 829 559 890 inter
582 827 736 909 providos
761 827 955 910 Dyonisium
980 841 1134 889 sartorem
1151 841 1186 889 ut
1201 840 1343 889 actorem
1366 826 1412 889 ub
1428 845 1511 907 una,

241 948 272 997 et
304 933 436 996 Gallum
470 934 649 996 institorem
682 933 860 1016 Kwdelych
892 933 1014 996 dictum
1046 947 1081 996 ut
1111 933 1145 995 in
1177 950 1306 995 causam
1336 944 1510 995 attractum

240 1054 329 1123 parte
354 1043 394 1103 ab
418 1040 528 1119 altera,
552 1054 697 1123 pretextu
720 1039 902 1122 calumpnie
932 1054 964 1102 et
996 1059 1207 1123 expensarum
1231 1060 1288 1123 per
1310 1038 1509 1123 Dyonisium

240 1146 419 1229 predictum
445 1161 555 1208 contra
580 1147 684 1229 ipsum
704 1144 835 1207 Gallum
853 1145 1063 1228 allegatarum
1081 1167 1119 1209 ex
1135 1146 1276 1228 quadam
1292 1145 1392 1229 priori
1407 1164 1508 1207 causa

243 1268 274 1316 et
298 1254 353 1315 lite
377 1267 496 1331 secuta,
521 1272 583 1334 que
610 1254 640 1314 in
666 1252 726 1314 hoc
751 1253 907 1314 katherno
930 1266 1041 1314 nostro
1058 1267 1105 1316 est
1125 1254 1311 1335 prescripta,
1334 1270 1432 1335 quam
1448 1270 1508 1335 per

243 1361 429 1422 mandatum
456 1360 542 1440 regie
569 1359 744 1420 Maiestatis
771 1359 863 1439 jurati
896 1359 1161 1439 adiudicaverunt
1192 1372 1223 1421 et
1246 1371 1319 1441 post
1342 1356 1509 1439 adjudica·

245 1467 371 1529 cionem
397 1466 585 1527 eorumdem
614 1464 789 1544 juratorum
813 1485 870 1547 per
893 1464 1051 1546 prefatum
1070 1464 1202 1527 Gallum
1225 1464 1266 1525 ad
1289 1464 1432 1527 seniores
1456 1464 1507 1545 ju·

242 1572 330 1635 dices
369 1572 548 1654 appellata,
579 1572 720 1632 seniores
752 1571 874 1651 judices
905 1571 1125 1649 adjudicantes
1162 1571 1298 1633 eandem
1336 1569 1508 1649 adjudice-

242 1679 367 1740 cionem
394 1693 425 1739 et
449 1678 672 1739 intencionem
699 1676 893 1759 prefatorum
923 1677 1100 1757 juratorum
1132 1676 1505 1760 confirmaverun13pr0

242 1786 388 1867 expensis
411 1798 518 1845 autem
551 1804 631 1866 quas
662 1786 728 1865 ipse
762 1785 938 1867 Dyonisius
969 1800 1070 1847 sartor
1093 1784 1178 1862 fecit,
1209 1782 1297 1845 idem
1329 1782 1508 1866 Dyonisius

243 1892 320 1953 seria
346 1904 431 1951 sexta
456 1891 601 1973 proxima
626 1906 698 1972 post
722 1890 917 1952 dominicam
938 1891 1037 1963 Quasi
1064 1891 1162 1951 modo
1185 1890 1297 1971 geniti,
1320 1910 1384 1951 una
1408 1908 1508 1951 manu

243 2000 274 2059 in
300 1998 433 2060 ecclesia
457 1998 557 2058 sancti
592 1997 690 2059 Marci
723 1998 928 2077 ewangeliste
953 2013 984 2059 et
1017 2018 1112 2079 super
1143 2016 1229 2058 aram
1261 2010 1369 2059 sancte
1393 1994 1509 2059 Crucis

243 2104 457 2184 Juramentum
481 2122 575 2163 suum
600 2102 731 2163 debebit
752 2104 925 2184 deponere,
950 2124 1015 2184 quo
1033 2104 1193 2185 deposito,
1217 2122 1311 2184 super
1335 2116 1508 2184 quantum·

243 2228 380 2289 cumque
406 2210 552 2289 expensis
576 2208 726 2285 juraverit
753 2208 880 2270 easdem
899 2229 1052 2290 expensas
1076 2210 1265 2289 jamdicatus
1289 2208 1405 2271 Gallus
1420 2207 1507 2293 Dyo·

244 2314 325 2375 nisio
351 2313 479 2375 debebit
504 2314 628 2375 solvere
654 2330 684 2374 et
709 2314 908 2391 rellundere;
934 2336 996 2397 qua
1031 2316 1274 2395 adjudicatione
1301 2314 1416 2377 Gallus
1439 2334 1506 2377 non

244 2434 412 2482 contentus
435 2440 562 2481 causam
588 2420 688 2502 ipsam
707 2421 880 2502 appellavit
904 2422 943 2483 ad
969 2422 1155 2503 magistrum
1182 2421 1460 2485 thamernicorum.

404 2672 498 2747 Feria
528 2685 625 2746 sexta
655 2674 806 2763 proxima
836 2685 912 2747 ante
941 2677 1064 2748 testam
1092 2678 1181 2748 beati
1213 2677 1358 2749 ldartini.

744 2832 787 2907 (9.
813 2830 991 2903 novembris).

351 2964 428 3026 ltem
453 2967 571 3028 nobilis
595 2966 754 3048 Georgius
780 2968 963 3030 llerendich
988 2970 1027 3030 de
1050 2971 1150 3051 Lippa
1175 2991 1240 3031 non
1266 2971 1446 3053 comparuit
1470 2972 1503 3032 in

245 3070 364 3152 judicio
382 3072 420 3131 ad
440 3072 626 3133 instanciam
646 3073 789 3134 mulieris
814 3074 914 3135 Kutka
933 3089 1043 3137 vocate
1061 3077 1216 3137 consortis
1234 3076 1341 3137 Benak
1360 3078 1391 3138 in
1410 3096 1505 3139 causa

245 3180 373 3259 triginta
398 3177 535 3239 duorum
562 3178 629 3241 llor.
655 3179 734 3239 auri.

351 3282 502 3345 Clemens
527 3284 557 3343 in
583 3284 681 3344 domo
706 3284 844 3345 liliorum
865 3287 1017 3347 Saronicln
1044 3307 1107 3348 non
1127 3289 1306 3369 comparuit
1322 3289 1362 3349 ad
1387 3290 1507 3350 instan-

245 3390 326 3450 ciam
344 3387 496 3470 Stephani
521 3390 681 3449 servitoris
705 3390 818 3469 judicis
843 3392 1000 3453 moderni.

352 3494 487 3555 Mathias
505 3496 623 3575 Dragin
649 3516 712 3555 nou
731 3498 910 3578 comparuit
934 3498 973 3557 nd
992 3499 1177 3561 instanciam
1198 3500 1352 3561 Anthonii
1378 3501 1507 3563 sartoris

246 3600 323 3661 civis
347 3600 484 3661 civitatis
509 3614 615 3661 nostre
640 3602 767 3661 racione
793 3604 1038 3665 vulnerationis.

354 3706 549 3767 Laurencius
585 3706 703 3787 Sporar
745 3728 808 3768 non
853 3712 1032 3790 comparuit
1070 3712 1110 3772 ad
1150 3712 1336 3774 instanciam
1379 3713 1506 3774 Andree

247 3811 409 3874 Kelthich.

352 3919 429 3979 Item
454 3938 547 3979 causa
581 3918 662 3979 inter
687 3920 857 3981 Nicolaum
885 3920 998 3981 Halieln
1030 3936 1061 3981 et
1086 3923 1213 3983 Petrum
1239 3922 1429 3985 familiarem
1456 3926 1507 3985 Ja-

246 4025 317 4085 cobi
351 4024 469 4105 Sporar
501 4025 629 4085 racione
663 4026 824 4107 vituperii,
855 4027 1020 4087 convictus
1052 4043 1098 4087 est
1127 4029 1212 4089 idem
1247 4030 1357 4090 Petrus
1390 4032 1508 4113 Sporar

246 4130 351 4191 eidem
376 4130 510 4191 Nicolao
537 4132 567 4191 in
593 4130 705 4193 decem
730 4134 846 4213 pensis,
871 4134 980 4214 juratis
1005 4134 1036 4193 in
1061 4150 1189 4195 centum
1215 4136 1364 4199 denariis.

353 4236 429 4297 Item
454 4236 512 4315 (in)
536 4256 628 4297 causa
662 4238 742 4298 inter
774 4238 976 4299 Clementem
1003 4238 1128 4301 Gulich
1161 4256 1191 4301 et
1215 4242 1323 4303 Crone
1347 4260 1393 4305 est
1426 4244 1507 4319 judi-

247 4354 352 4403 catum
377 4342 432 4419 sic,
456 4342 544 4423 quod
567 4362 662 4423 super
684 4362 749 4424 quo
768 4344 874 4405 Crone
899 4358 1002 4425 potest
1020 4344 1122 4421 jurare
1147 4362 1302 4427 quantum
1329 4350 1505 4431 dampnum

247 4460 294 4507 est
318 4466 426 4528 passus
450 4462 618 4529 postquam
644 4448 671 4509 ei
697 4448 829 4510 dederat
853 4450 1088 4523 molendinum,
1112 4452 1217 4515 eidem
1243 4454 1366 4515 solvere
1392 4455 1506 4517 debeat

248 4566 279 4613 et
302 4566 448 4615 teneatur
471 4554 574 4615 dictus
591 4554 761 4631 (Ilemens;
786 4570 954 4637 postquam
973 4572 1079 4617 atatem
1096 4558 1195 4619 alium
1215 4559 1506 4623 molendinatorem

248 4658 371 4740 absque
395 4658 475 4721 scitu
500 4658 584 4722 idem
611 4660 764 4723 Clemens
796 4662 880 4723 intro
904 4661 1032 4739 locavit,
1063 4682 1158 4745 super
1191 4663 1248 4725 illo
1281 4666 1366 4727 idem
1400 4666 1507 4727 Crone

249 4762 410 4827 Clementi
435 4766 514 4829 nihil
538 4766 664 4831 debeat.
