<?xml version="1.0" encoding="UTF-8"?>
<!DOCTYPE html PUBLIC "-//W3C//DTD XHTML 1.0 Transitional//EN"
    "http://www.w3.org/TR/xhtml1/DTD/xhtml1-transitional.dtd">
<html xmlns="http://www.w3.org/1999/xhtml" xml:lang="en" lang="en">
 <head>
  <title>
</title>
<meta http-equiv="Content-Type" content="text/html;charset=utf-8" />
  <meta name='ocr-system' content='tesseract 3.04.00' />
  <meta name='ocr-capabilities' content='ocr_page ocr_carea ocr_par ocr_line ocrx_word'/>
</head>
<body>
  <div class='ocr_page' id='page_1' title='image "./monumentahistor03laszgoog_0061.png"; bbox 0 0 3502 5264; ppageno 0'>
   <div class='ocr_carea' id='block_1_1' title="bbox 247 323 1127 406">
    <p class='ocr_par' dir='ltr' id='par_1_1' title="bbox 247 323 1127 406">
     <span class='ocr_line' id='line_1_1' title="bbox 247 323 1127 406; baseline -0.01 -12"><span class='ocrx_word' id='word_1_1' title='bbox 247 333 282 394; x_wconf 89' lang='lat'><strong>18</strong></span> <span class='ocrx_word' id='word_1_2' title='bbox 621 323 819 406; x_wconf 76' lang='lat' dir='ltr'><strong>Anno1483.</strong></span> <span class='ocrx_word' id='word_1_3' title='bbox 842 361 886 370; x_wconf 92' lang='lat'>—</span> <span class='ocrx_word' id='word_1_4' title='bbox 909 341 958 388; x_wconf 80' lang='grc' dir='ltr'><strong>ιο.</strong></span> <span class='ocrx_word' id='word_1_5' title='bbox 976 326 1127 402; x_wconf 59' lang='lat' dir='ltr'><strong>pennoni.</strong></span> 
     </span>
    </p>
   </div>
   <div class='ocr_carea' id='block_1_2' title="bbox 242 535 1502 734">
    <p class='ocr_par' dir='ltr' id='par_1_2' title="bbox 242 535 1502 734">
     <span class='ocr_line' id='line_1_2' title="bbox 242 535 1502 627; baseline -0.008 -21"><span class='ocrx_word' id='word_1_6' title='bbox 242 543 467 627; x_wconf 90' lang='lat' dir='ltr'><strong>spondendum</strong></span> <span class='ocrx_word' id='word_1_7' title='bbox 493 542 551 623; x_wconf 90' lang='lat' dir='ltr'><strong>ipsi</strong></span> <span class='ocrx_word' id='word_1_8' title='bbox 578 539 720 621; x_wconf 90' lang='lat' dir='ltr'><strong>Georgio</strong></span> <span class='ocrx_word' id='word_1_9' title='bbox 745 538 841 618; x_wconf 89' lang='lat' dir='ltr'><strong>judici</strong></span> <span class='ocrx_word' id='word_1_10' title='bbox 868 538 1036 616; x_wconf 89' lang='lat' dir='ltr'><strong>moderno,</strong></span> <span class='ocrx_word' id='word_1_11' title='bbox 1060 536 1120 619; x_wconf 93' lang='lat' dir='ltr'><strong>ipsi</strong></span> <span class='ocrx_word' id='word_1_12' title='bbox 1145 556 1221 598; x_wconf 92' lang='lat' dir='ltr'><strong>vero</strong></span> <span class='ocrx_word' id='word_1_13' title='bbox 1246 535 1418 599; x_wconf 89' lang='lat' dir='ltr'><strong>Dominico</strong></span> <span class='ocrx_word' id='word_1_14' title='bbox 1444 535 1502 597; x_wconf 90' lang='lat' dir='ltr'><strong>Pe·</strong></span> 
     </span>
     <span class='ocr_line' id='line_1_3' title="bbox 242 647 833 734; baseline -0.008 -22"><span class='ocrx_word' id='word_1_15' title='bbox 242 649 370 734; x_wconf 86' lang='lat' dir='ltr'><strong>rowych</strong></span> <span class='ocrx_word' id='word_1_16' title='bbox 396 649 436 711; x_wconf 93' lang='lat' dir='ltr'><strong>ad</strong></span> <span class='ocrx_word' id='word_1_17' title='bbox 460 647 705 731; x_wconf 89' lang='lat' dir='ltr'><strong>producendum</strong></span> <span class='ocrx_word' id='word_1_18' title='bbox 729 660 833 708; x_wconf 88' lang='lat' dir='ltr'><strong>testes.</strong></span> 
     </span>
    </p>
   </div>
   <div class='ocr_carea' id='block_1_3' title="bbox 241 768 1501 1280">
    <p class='ocr_par' dir='ltr' id='par_1_3' title="bbox 241 768 1501 1280">
     <span class='ocr_line' id='line_1_4' title="bbox 348 768 1499 853; baseline -0.006 -16"><span class='ocrx_word' id='word_1_19' title='bbox 348 774 453 837; x_wconf 81' lang='lat' dir='ltr'><strong>Causa</strong></span> <span class='ocrx_word' id='word_1_20' title='bbox 478 775 559 836; x_wconf 92' lang='lat' dir='ltr'><strong>inter</strong></span> <span class='ocrx_word' id='word_1_21' title='bbox 583 773 752 837; x_wconf 81' lang='lat' dir='ltr'><strong>Nicolaum</strong></span> <span class='ocrx_word' id='word_1_22' title='bbox 770 769 924 833; x_wconf 87' lang='lat' dir='ltr'><strong>Horwath</strong></span> <span class='ocrx_word' id='word_1_23' title='bbox 943 783 974 832; x_wconf 89' lang='lat' dir='ltr'><strong>et</strong></span> <span class='ocrx_word' id='word_1_24' title='bbox 999 770 1178 832; x_wconf 89' lang='lat' dir='ltr'><strong>Johannem</strong></span> <span class='ocrx_word' id='word_1_25' title='bbox 1204 768 1425 853; x_wconf 87' lang='lat' dir='ltr'><strong>Soldynarych</strong></span> <span class='ocrx_word' id='word_1_26' title='bbox 1449 787 1499 830; x_wconf 91' lang='lat' dir='ltr'><strong>se·</strong></span> 
     </span>
     <span class='ocr_line' id='line_1_5' title="bbox 243 876 1500 961; baseline -0.006 -17"><span class='ocrx_word' id='word_1_27' title='bbox 243 883 366 944; x_wconf 90' lang='lat' dir='ltr'><strong>niorem</strong></span> <span class='ocrx_word' id='word_1_28' title='bbox 407 881 546 961; x_wconf 86' lang='lat' dir='ltr'><strong>judicem</strong></span> <span class='ocrx_word' id='word_1_29' title='bbox 578 898 636 961; x_wconf 92' lang='lat' dir='ltr'><strong>pro</strong></span> <span class='ocrx_word' id='word_1_30' title='bbox 675 879 839 942; x_wconf 79' lang='lat' dir='ltr'>erectione</span> <span class='ocrx_word' id='word_1_31' title='bbox 878 877 1092 959; x_wconf 91' lang='lat' dir='ltr'><strong>quarumdam</strong></span> <span class='ocrx_word' id='word_1_32' title='bbox 1132 889 1288 938; x_wconf 89' lang='lat' dir='ltr'><strong>metarum</strong></span> <span class='ocrx_word' id='word_1_33' title='bbox 1325 876 1500 937; x_wconf 85' lang='lat' dir='ltr'><strong>vinealium</strong></span> 
     </span>
     <span class='ocr_line' id='line_1_6' title="bbox 242 980 1499 1066; baseline -0.006 -17"><span class='ocrx_word' id='word_1_34' title='bbox 242 1007 397 1050; x_wconf 89' lang='lat' dir='ltr'><strong>novarum</strong></span> <span class='ocrx_word' id='word_1_35' title='bbox 423 1001 453 1049; x_wconf 89' lang='lat' dir='ltr'><strong>et</strong></span> <span class='ocrx_word' id='word_1_36' title='bbox 485 985 704 1047; x_wconf 89' lang='lat' dir='ltr'><strong>destruccione</strong></span> <span class='ocrx_word' id='word_1_37' title='bbox 737 985 953 1066; x_wconf 86' lang='lat' dir='ltr'><strong>antiquarum,</strong></span> <span class='ocrx_word' id='word_1_38' title='bbox 975 983 1093 1044; x_wconf 90' lang='lat' dir='ltr'><strong>dilacio</strong></span> <span class='ocrx_word' id='word_1_39' title='bbox 1118 981 1199 1045; x_wconf 84' lang='lat' dir='ltr'><strong>facta</strong></span> <span class='ocrx_word' id='word_1_40' title='bbox 1230 998 1277 1045; x_wconf 89' lang='lat' dir='ltr'><strong>est</strong></span> <span class='ocrx_word' id='word_1_41' title='bbox 1299 1002 1356 1065; x_wconf 90' lang='lat' dir='ltr'><strong>per</strong></span> <span class='ocrx_word' id='word_1_42' title='bbox 1379 980 1499 1062; x_wconf 86' lang='lat' dir='ltr'><strong>juratos</strong></span> 
     </span>
     <span class='ocr_line' id='line_1_7' title="bbox 242 1087 1501 1176; baseline -0.006 -20"><span class='ocrx_word' id='word_1_43' title='bbox 242 1114 343 1176; x_wconf 91' lang='lat' dir='ltr'><strong>usque</strong></span> <span class='ocrx_word' id='word_1_44' title='bbox 368 1092 456 1155; x_wconf 92' lang='lat' dir='ltr'><strong>aliud</strong></span> <span class='ocrx_word' id='word_1_45' title='bbox 473 1091 627 1173; x_wconf 81' lang='lat' dir='ltr'><strong>iudicium</strong></span> <span class='ocrx_word' id='word_1_46' title='bbox 652 1089 871 1152; x_wconf 89' lang='lat' dir='ltr'><strong>consistoriale</strong></span> <span class='ocrx_word' id='word_1_47' title='bbox 888 1090 964 1171; x_wconf 87' lang='lat' dir='ltr'><strong>quia</strong></span> <span class='ocrx_word' id='word_1_48' title='bbox 988 1109 1071 1151; x_wconf 87' lang='lat' dir='ltr'><strong>unus</strong></span> <span class='ocrx_word' id='word_1_49' title='bbox 1088 1109 1126 1150; x_wconf 85' lang='lat' dir='ltr'><strong>ex</strong></span> <span class='ocrx_word' id='word_1_50' title='bbox 1143 1089 1252 1170; x_wconf 88' lang='lat' dir='ltr'><strong>juratis</strong></span> <span class='ocrx_word' id='word_1_51' title='bbox 1276 1089 1331 1170; x_wconf 93' lang='lat' dir='ltr'><strong>qui</strong></span> <span class='ocrx_word' id='word_1_52' title='bbox 1356 1087 1501 1150; x_wconf 88' lang='lat' dir='ltr'><strong>ambulat</strong></span> 
     </span>
     <span class='ocr_line' id='line_1_8' title="bbox 241 1195 1287 1280; baseline -0.005 -18"><span class='ocrx_word' id='word_1_53' title='bbox 241 1200 281 1262; x_wconf 90' lang='lat' dir='ltr'><strong>ad</strong></span> <span class='ocrx_word' id='word_1_54' title='bbox 308 1199 519 1262; x_wconf 88' lang='lat' dir='ltr'><strong>revidendum</strong></span> <span class='ocrx_word' id='word_1_55' title='bbox 536 1199 620 1280; x_wconf 88' lang='lat' dir='ltr'><strong>ipsas</strong></span> <span class='ocrx_word' id='word_1_56' title='bbox 644 1212 745 1260; x_wconf 88' lang='lat' dir='ltr'><strong>metas</strong></span> <span class='ocrx_word' id='word_1_57' title='bbox 769 1216 834 1258; x_wconf 92' lang='lat' dir='ltr'><strong>non</strong></span> <span class='ocrx_word' id='word_1_58' title='bbox 859 1195 920 1257; x_wconf 85' lang='lat' dir='ltr'><strong>iuit</strong></span> <span class='ocrx_word' id='word_1_59' title='bbox 943 1210 974 1257; x_wconf 93' lang='lat' dir='ltr'><strong>et</strong></span> <span class='ocrx_word' id='word_1_60' title='bbox 997 1197 1112 1258; x_wconf 84' lang='lat' dir='ltr'><strong>absens</strong></span> <span class='ocrx_word' id='word_1_61' title='bbox 1135 1216 1152 1257; x_wconf 95' lang='lat' dir='ltr'><strong>a</strong></span> <span class='ocrx_word' id='word_1_62' title='bbox 1176 1195 1287 1258; x_wconf 90' lang='lat' dir='ltr'><strong>domo.</strong></span> 
     </span>
    </p>
   </div>
   <div class='ocr_carea' id='block_1_4' title="bbox 444 1433 1295 1668">
    <p class='ocr_par' dir='ltr' id='par_1_4' title="bbox 444 1433 1295 1668">
     <span class='ocr_line' id='line_1_9' title="bbox 444 1433 1295 1525; baseline -0.004 -17"><span class='ocrx_word' id='word_1_63' title='bbox 444 1435 540 1509; x_wconf 82' lang='lat' dir='ltr'><strong>Feria</strong></span> <span class='ocrx_word' id='word_1_64' title='bbox 568 1445 665 1508; x_wconf 82' lang='lat' dir='ltr'><strong>sexta</strong></span> <span class='ocrx_word' id='word_1_65' title='bbox 694 1443 768 1525; x_wconf 84' lang='lat' dir='ltr'><strong>post</strong></span> <span class='ocrx_word' id='word_1_66' title='bbox 798 1435 919 1507; x_wconf 85' lang='lat' dir='ltr'><strong>festum</strong></span> <span class='ocrx_word' id='word_1_67' title='bbox 948 1433 1129 1525; x_wconf 85' lang='lat' dir='ltr'><strong>Epiphanie</strong></span> <span class='ocrx_word' id='word_1_68' title='bbox 1157 1433 1295 1506; x_wconf 85' lang='lat' dir='ltr'><strong>Domini.</strong></span> 
     </span>
     <span class='ocr_line' id='line_1_10' title="bbox 636 1583 1111 1668; baseline 0.004 -22"><span class='ocrx_word' id='word_1_69' title='bbox 636 1587 701 1668; x_wconf 90' lang='lat'><strong><em>(10.</em></strong></span> <span class='ocrx_word' id='word_1_70' title='bbox 717 1590 871 1664; x_wconf 76' lang='lat' dir='ltr'><strong>januarii,</strong></span> <span class='ocrx_word' id='word_1_71' title='bbox 894 1608 964 1648; x_wconf 84' lang='lat' dir='ltr'><strong>ann.</strong></span> <span class='ocrx_word' id='word_1_72' title='bbox 989 1583 1111 1666; x_wconf 71' lang='lat'><em>1483).</em></span> 
     </span>
    </p>
   </div>
   <div class='ocr_carea' id='block_1_5' title="bbox 241 1728 1503 2236">
    <p class='ocr_par' dir='ltr' id='par_1_5' title="bbox 241 1728 1503 2236">
     <span class='ocr_line' id='line_1_11' title="bbox 348 1728 1500 1811; baseline 0.002 -21"><span class='ocrx_word' id='word_1_73' title='bbox 348 1728 425 1790; x_wconf 92' lang='lat' dir='ltr'><strong>ltem</strong></span> <span class='ocrx_word' id='word_1_74' title='bbox 461 1728 650 1790; x_wconf 90' lang='lat' dir='ltr'><strong>Dominicus</strong></span> <span class='ocrx_word' id='word_1_75' title='bbox 685 1728 847 1790; x_wconf 87' lang='lat' dir='ltr'><strong>Perowicz</strong></span> <span class='ocrx_word' id='word_1_76' title='bbox 881 1729 1030 1811; x_wconf 88' lang='lat' dir='ltr'><strong>deposuit</strong></span> <span class='ocrx_word' id='word_1_77' title='bbox 1069 1729 1284 1808; x_wconf 86' lang='lat' dir='ltr'><strong>juramentum</strong></span> <span class='ocrx_word' id='word_1_78' title='bbox 1317 1730 1500 1792; x_wconf 89' lang='lat' dir='ltr'><strong>mettercius</strong></span> 
     </span>
     <span class='ocr_line' id='line_1_12' title="bbox 241 1833 1501 1919; baseline 0.002 -23"><span class='ocrx_word' id='word_1_79' title='bbox 241 1848 350 1896; x_wconf 89' lang='lat' dir='ltr'><strong>contra</strong></span> <span class='ocrx_word' id='word_1_80' title='bbox 376 1833 557 1896; x_wconf 86' lang='lat' dir='ltr'><strong>Sthelanicz</strong></span> <span class='ocrx_word' id='word_1_81' title='bbox 581 1834 740 1896; x_wconf 91' lang='lat' dir='ltr'><strong>sororium</strong></span> <span class='ocrx_word' id='word_1_82' title='bbox 764 1855 857 1897; x_wconf 91' lang='lat' dir='ltr'><strong>suum</strong></span> <span class='ocrx_word' id='word_1_83' title='bbox 880 1855 1005 1917; x_wconf 78' lang='lat' dir='ltr'><strong>proco,</strong></span> <span class='ocrx_word' id='word_1_84' title='bbox 1029 1836 1116 1917; x_wconf 91' lang='lat' dir='ltr'><strong>quod</strong></span> <span class='ocrx_word' id='word_1_85' title='bbox 1144 1836 1210 1918; x_wconf 91' lang='lat' dir='ltr'><strong>ipse</strong></span> <span class='ocrx_word' id='word_1_86' title='bbox 1229 1834 1411 1898; x_wconf 81' lang='lat' dir='ltr'><strong>Sthefanicz</strong></span> <span class='ocrx_word' id='word_1_87' title='bbox 1428 1856 1501 1919; x_wconf 92' lang='lat' dir='ltr'><strong>pro·</strong></span> 
     </span>
     <span class='ocr_line' id='line_1_13' title="bbox 243 1941 1503 2024; baseline 0.001 -21"><span class='ocrx_word' id='word_1_88' title='bbox 243 1944 382 2024; x_wconf 88' lang='lat' dir='ltr'><strong>ponebat</strong></span> <span class='ocrx_word' id='word_1_89' title='bbox 399 1954 509 2003; x_wconf 89' lang='lat' dir='ltr'><strong>contra</strong></span> <span class='ocrx_word' id='word_1_90' title='bbox 533 1960 619 2019; x_wconf 90' lang='lat' dir='ltr'><strong>eum,</strong></span> <span class='ocrx_word' id='word_1_91' title='bbox 642 1941 730 2023; x_wconf 91' lang='lat' dir='ltr'><strong>quod</strong></span> <span class='ocrx_word' id='word_1_92' title='bbox 749 1943 814 2023; x_wconf 90' lang='lat' dir='ltr'><strong>ipse</strong></span> <span class='ocrx_word' id='word_1_93' title='bbox 840 1942 1029 2004; x_wconf 88' lang='lat' dir='ltr'><strong>Dominicus</strong></span> <span class='ocrx_word' id='word_1_94' title='bbox 1054 1942 1093 2004; x_wconf 94' lang='lat' dir='ltr'><strong>de</strong></span> <span class='ocrx_word' id='word_1_95' title='bbox 1111 1942 1209 2003; x_wconf 93' lang='lat' dir='ltr'><strong>domo</strong></span> <span class='ocrx_word' id='word_1_96' title='bbox 1227 1943 1325 2024; x_wconf 87' lang='lat' dir='ltr'><strong>ipsius</strong></span> <span class='ocrx_word' id='word_1_97' title='bbox 1344 1941 1503 2005; x_wconf 87' lang='lat' dir='ltr'><strong>Stefanicz</strong></span> 
     </span>
     <span class='ocr_line' id='line_1_14' title="bbox 244 2047 1503 2130; baseline 0 -21"><span class='ocrx_word' id='word_1_98' title='bbox 244 2048 414 2129; x_wconf 88' lang='lat' dir='ltr'><strong>recepisset</strong></span> <span class='ocrx_word' id='word_1_99' title='bbox 437 2048 600 2128; x_wconf 81' lang='lat' dir='ltr'><strong>sexaginta</strong></span> <span class='ocrx_word' id='word_1_100' title='bbox 624 2047 705 2126; x_wconf 74' lang='lat' dir='ltr'><strong>flor,</strong></span> <span class='ocrx_word' id='word_1_101' title='bbox 730 2063 760 2108; x_wconf 89' lang='lat' dir='ltr'><strong>et</strong></span> <span class='ocrx_word' id='word_1_102' title='bbox 776 2048 837 2109; x_wconf 90' lang='lat' dir='ltr'><strong>hoc</strong></span> <span class='ocrx_word' id='word_1_103' title='bbox 858 2050 1059 2130; x_wconf 88' lang='lat' dir='ltr'><strong>proponebat</strong></span> <span class='ocrx_word' id='word_1_104' title='bbox 1082 2049 1141 2110; x_wconf 91' lang='lat' dir='ltr'><strong>sub</strong></span> <span class='ocrx_word' id='word_1_105' title='bbox 1158 2048 1258 2110; x_wconf 94' lang='lat' dir='ltr'><strong>dubio</strong></span> <span class='ocrx_word' id='word_1_106' title='bbox 1275 2047 1364 2130; x_wconf 93' lang='lat' dir='ltr'><strong>quod</strong></span> <span class='ocrx_word' id='word_1_107' title='bbox 1387 2048 1503 2109; x_wconf 91' lang='lat' dir='ltr'><strong>dicitur</strong></span> 
     </span>
     <span class='ocr_line' id='line_1_15' title="bbox 244 2154 1364 2236; baseline 0.004 -23"><span class='ocrx_word' id='word_1_108' title='bbox 244 2155 342 2234; x_wconf 87' lang='lat' dir='ltr'><strong>vulgo</strong></span> <span class='ocrx_word' id='word_1_109' title='bbox 367 2154 501 2236; x_wconf 89' lang='lat' dir='ltr'><strong>nepeha‚</strong></span> <span class='ocrx_word' id='word_1_110' title='bbox 525 2167 557 2215; x_wconf 90' lang='lat' dir='ltr'><strong>et</strong></span> <span class='ocrx_word' id='word_1_111' title='bbox 581 2154 647 2235; x_wconf 89' lang='lat' dir='ltr'><strong>ipse</strong></span> <span class='ocrx_word' id='word_1_112' title='bbox 672 2155 862 2216; x_wconf 92' lang='lat' dir='ltr'><strong>Dominicus</strong></span> <span class='ocrx_word' id='word_1_113' title='bbox 885 2155 1001 2234; x_wconf 89' lang='lat' dir='ltr'><strong>juravit</strong></span> <span class='ocrx_word' id='word_1_114' title='bbox 1025 2155 1112 2236; x_wconf 90' lang='lat' dir='ltr'><strong>quod</strong></span> <span class='ocrx_word' id='word_1_115' title='bbox 1137 2174 1203 2217; x_wconf 90' lang='lat' dir='ltr'><strong>non</strong></span> <span class='ocrx_word' id='word_1_116' title='bbox 1228 2154 1364 2218; x_wconf 86' lang='lat' dir='ltr'><strong>fecisset.</strong></span> 
     </span>
    </p>
   </div>
   <div class='ocr_carea' id='block_1_6' title="bbox 243 2277 1503 2576">
    <p class='ocr_par' dir='ltr' id='par_1_6' title="bbox 243 2277 1503 2576">
     <span class='ocr_line' id='line_1_16' title="bbox 350 2277 1503 2360; baseline 0.003 -21"><span class='ocrx_word' id='word_1_117' title='bbox 350 2278 427 2339; x_wconf 85' lang='lat' dir='ltr'><strong>Item</strong></span> <span class='ocrx_word' id='word_1_118' title='bbox 453 2278 555 2340; x_wconf 90' lang='lat' dir='ltr'><strong>Janko</strong></span> <span class='ocrx_word' id='word_1_119' title='bbox 579 2277 728 2360; x_wconf 88' lang='lat' dir='ltr'><strong>deposuit</strong></span> <span class='ocrx_word' id='word_1_120' title='bbox 744 2277 959 2358; x_wconf 88' lang='lat' dir='ltr'><strong>juramentum</strong></span> <span class='ocrx_word' id='word_1_121' title='bbox 984 2279 1060 2341; x_wconf 84' lang='lat' dir='ltr'><strong>feria</strong></span> <span class='ocrx_word' id='word_1_122' title='bbox 1078 2295 1163 2343; x_wconf 83' lang='lat' dir='ltr'><strong>sexta</strong></span> <span class='ocrx_word' id='word_1_123' title='bbox 1188 2295 1261 2342; x_wconf 90' lang='lat' dir='ltr'><strong>ante</strong></span> <span class='ocrx_word' id='word_1_124' title='bbox 1278 2279 1392 2342; x_wconf 75' lang='lat' dir='ltr'><strong>festum</strong></span> <span class='ocrx_word' id='word_1_125' title='bbox 1411 2283 1503 2342; x_wconf 86' lang='lat' dir='ltr'><strong>beate</strong></span> 
     </span>
     <span class='ocr_line' id='line_1_17' title="bbox 243 2385 1501 2469; baseline 0.002 -23"><span class='ocrx_word' id='word_1_126' title='bbox 243 2385 415 2447; x_wconf 86' lang='lat' dir='ltr'><strong>Katherine</strong></span> <span class='ocrx_word' id='word_1_127' title='bbox 440 2386 584 2468; x_wconf 88' lang='lat' dir='ltr'><strong>proxime</strong></span> <span class='ocrx_word' id='word_1_128' title='bbox 608 2386 793 2467; x_wconf 89' lang='lat' dir='ltr'><strong>preteritum</strong></span> <span class='ocrx_word' id='word_1_129' title='bbox 822 2401 930 2448; x_wconf 92' lang='lat' dir='ltr'><strong>contra</strong></span> <span class='ocrx_word' id='word_1_130' title='bbox 956 2386 1115 2449; x_wconf 83' lang='lat' dir='ltr'><strong>Stelanicz</strong></span> <span class='ocrx_word' id='word_1_131' title='bbox 1146 2407 1205 2469; x_wconf 92' lang='lat' dir='ltr'><strong>pro</strong></span> <span class='ocrx_word' id='word_1_132' title='bbox 1229 2387 1371 2469; x_wconf 93' lang='lat' dir='ltr'><strong>quodam</strong></span> <span class='ocrx_word' id='word_1_133' title='bbox 1398 2388 1501 2466; x_wconf 86' lang='lat' dir='ltr'><strong>milio,</strong></span> 
     </span>
     <span class='ocr_line' id='line_1_18' title="bbox 243 2490 1312 2576; baseline 0.003 -23"><span class='ocrx_word' id='word_1_134' title='bbox 243 2493 332 2574; x_wconf 92' lang='lat' dir='ltr'><strong>quod</strong></span> <span class='ocrx_word' id='word_1_135' title='bbox 358 2494 425 2574; x_wconf 92' lang='lat' dir='ltr'><strong>ipse</strong></span> <span class='ocrx_word' id='word_1_136' title='bbox 450 2511 514 2553; x_wconf 92' lang='lat' dir='ltr'><strong>non</strong></span> <span class='ocrx_word' id='word_1_137' title='bbox 540 2490 615 2554; x_wconf 82' lang='lat' dir='ltr'><strong>iecit</strong></span> <span class='ocrx_word' id='word_1_138' title='bbox 639 2491 807 2573; x_wconf 86' lang='lat' dir='ltr'><strong>deportare</strong></span> <span class='ocrx_word' id='word_1_139' title='bbox 832 2492 870 2552; x_wconf 92' lang='lat' dir='ltr'><strong>de</strong></span> <span class='ocrx_word' id='word_1_140' title='bbox 896 2491 994 2555; x_wconf 90' lang='lat' dir='ltr'><strong>domo</strong></span> <span class='ocrx_word' id='word_1_141' title='bbox 1019 2493 1118 2576; x_wconf 92' lang='lat' dir='ltr'><strong>ipsius</strong></span> <span class='ocrx_word' id='word_1_142' title='bbox 1143 2493 1312 2556; x_wconf 86' lang='lat' dir='ltr'><strong>Stefanicz.</strong></span> 
     </span>
    </p>
   </div>
   <div class='ocr_carea' id='block_1_7' title="bbox 244 2615 1504 3124">
    <p class='ocr_par' dir='ltr' id='par_1_7' title="bbox 244 2615 1504 3124">
     <span class='ocr_line' id='line_1_19' title="bbox 350 2615 1503 2703; baseline 0.003 -26"><span class='ocrx_word' id='word_1_143' title='bbox 350 2617 425 2678; x_wconf 90' lang='lat' dir='ltr'><strong>ltem</strong></span> <span class='ocrx_word' id='word_1_144' title='bbox 452 2616 635 2677; x_wconf 85' lang='lat' dir='ltr'><strong>Anthonius</strong></span> <span class='ocrx_word' id='word_1_145' title='bbox 660 2615 863 2678; x_wconf 89' lang='lat' dir='ltr'><strong>Mlinarichin</strong></span> <span class='ocrx_word' id='word_1_146' title='bbox 896 2617 1042 2679; x_wconf 91' lang='lat' dir='ltr'><strong>similiter</strong></span> <span class='ocrx_word' id='word_1_147' title='bbox 1067 2617 1181 2679; x_wconf 89' lang='lat' dir='ltr'><strong>eodem</strong></span> <span class='ocrx_word' id='word_1_148' title='bbox 1214 2618 1265 2679; x_wconf 89' lang='lat' dir='ltr'><strong>die</strong></span> <span class='ocrx_word' id='word_1_149' title='bbox 1290 2620 1503 2703; x_wconf 87' lang='lat' dir='ltr'><strong>suprascripto</strong></span> 
     </span>
     <span class='ocr_line' id='line_1_20' title="bbox 244 2722 1504 2807; baseline 0.004 -25"><span class='ocrx_word' id='word_1_150' title='bbox 244 2723 392 2804; x_wconf 90' lang='lat' dir='ltr'><strong>deposuit</strong></span> <span class='ocrx_word' id='word_1_151' title='bbox 425 2722 638 2801; x_wconf 86' lang='lat' dir='ltr'><strong>juramentum</strong></span> <span class='ocrx_word' id='word_1_152' title='bbox 671 2737 782 2784; x_wconf 90' lang='lat' dir='ltr'><strong>contra</strong></span> <span class='ocrx_word' id='word_1_153' title='bbox 815 2723 1027 2785; x_wconf 91' lang='lat' dir='ltr'><strong>Laurencium</strong></span> <span class='ocrx_word' id='word_1_154' title='bbox 1060 2728 1295 2806; x_wconf 90' lang='lat' dir='ltr'><strong>carpentarium</strong></span> <span class='ocrx_word' id='word_1_155' title='bbox 1326 2745 1422 2807; x_wconf 90' lang='lat' dir='ltr'><strong>super</strong></span> <span class='ocrx_word' id='word_1_156' title='bbox 1453 2745 1504 2805; x_wconf 84' lang='lat' dir='ltr'><strong>eo,</strong></span> 
     </span>
     <span class='ocr_line' id='line_1_21' title="bbox 245 2829 1503 2915; baseline 0.004 -25"><span class='ocrx_word' id='word_1_157' title='bbox 245 2829 332 2911; x_wconf 91' lang='lat' dir='ltr'><strong>quod</strong></span> <span class='ocrx_word' id='word_1_158' title='bbox 365 2829 431 2911; x_wconf 93' lang='lat' dir='ltr'><strong>ipse</strong></span> <span class='ocrx_word' id='word_1_159' title='bbox 465 2829 585 2890; x_wconf 91' lang='lat' dir='ltr'><strong>nullam</strong></span> <span class='ocrx_word' id='word_1_160' title='bbox 620 2830 788 2911; x_wconf 88' lang='lat' dir='ltr'><strong>pecuniam</strong></span> <span class='ocrx_word' id='word_1_161' title='bbox 823 2849 927 2911; x_wconf 90' lang='lat' dir='ltr'><strong>neque</strong></span> <span class='ocrx_word' id='word_1_162' title='bbox 959 2851 1009 2892; x_wconf 90' lang='lat' dir='ltr'><strong>res</strong></span> <span class='ocrx_word' id='word_1_163' title='bbox 1040 2831 1164 2912; x_wconf 88' lang='lat' dir='ltr'><strong>aliquas</strong></span> <span class='ocrx_word' id='word_1_164' title='bbox 1198 2834 1368 2915; x_wconf 88' lang='lat' dir='ltr'><strong>recepisset</strong></span> <span class='ocrx_word' id='word_1_165' title='bbox 1402 2833 1503 2915; x_wconf 83' lang='lat' dir='ltr'><strong>ipsius</strong></span> 
     </span>
     <span class='ocr_line' id='line_1_22' title="bbox 245 2936 1502 3020; baseline 0.004 -24"><span class='ocrx_word' id='word_1_166' title='bbox 245 2936 413 2997; x_wconf 88' lang='lat' dir='ltr'><strong>Laurencii</strong></span> <span class='ocrx_word' id='word_1_167' title='bbox 439 2956 456 2997; x_wconf 90' lang='lat' dir='ltr'><strong>a</strong></span> <span class='ocrx_word' id='word_1_168' title='bbox 481 2950 627 2997; x_wconf 91' lang='lat' dir='ltr'><strong>consorte</strong></span> <span class='ocrx_word' id='word_1_169' title='bbox 653 2936 797 2998; x_wconf 89' lang='lat' dir='ltr'><strong>eiusdem</strong></span> <span class='ocrx_word' id='word_1_170' title='bbox 822 2936 992 2998; x_wconf 84' lang='lat' dir='ltr'><strong>Laurencii</strong></span> <span class='ocrx_word' id='word_1_171' title='bbox 1020 2939 1159 3020; x_wconf 89' lang='lat' dir='ltr'><strong>demptis</strong></span> <span class='ocrx_word' id='word_1_172' title='bbox 1183 2939 1327 3020; x_wconf 90' lang='lat' dir='ltr'><strong>quinque</strong></span> <span class='ocrx_word' id='word_1_173' title='bbox 1352 2938 1420 3001; x_wconf 88' lang='lat' dir='ltr'><strong>flor.</strong></span> <span class='ocrx_word' id='word_1_174' title='bbox 1446 2939 1502 3020; x_wconf 93' lang='lat' dir='ltr'><strong>qui</strong></span> 
     </span>
     <span class='ocr_line' id='line_1_23' title="bbox 244 3041 1027 3124; baseline 0.003 -21"><span class='ocrx_word' id='word_1_175' title='bbox 244 3041 372 3104; x_wconf 74' lang='lat' dir='ltr'><strong>fuerunt</strong></span> <span class='ocrx_word' id='word_1_176' title='bbox 395 3043 658 3104; x_wconf 90' lang='lat' dir='ltr'><strong>testamentaliter</strong></span> <span class='ocrx_word' id='word_1_177' title='bbox 682 3043 776 3124; x_wconf 89' lang='lat' dir='ltr'><strong>legati</strong></span> <span class='ocrx_word' id='word_1_178' title='bbox 802 3062 858 3124; x_wconf 89' lang='lat' dir='ltr'><strong>per</strong></span> <span class='ocrx_word' id='word_1_179' title='bbox 882 3044 1027 3106; x_wconf 89' lang='lat' dir='ltr'><strong>eandem.</strong></span> 
     </span>
    </p>
   </div>
   <div class='ocr_carea' id='block_1_8' title="bbox 246 3165 1505 3362">
    <p class='ocr_par' dir='ltr' id='par_1_8' title="bbox 246 3165 1505 3362">
     <span class='ocr_line' id='line_1_24' title="bbox 351 3165 1505 3252; baseline 0.009 -26"><span class='ocrx_word' id='word_1_180' title='bbox 351 3166 427 3227; x_wconf 89' lang='lat' dir='ltr'><strong>ltem</strong></span> <span class='ocrx_word' id='word_1_181' title='bbox 453 3185 545 3227; x_wconf 87' lang='lat' dir='ltr'><strong>causa</strong></span> <span class='ocrx_word' id='word_1_182' title='bbox 571 3168 652 3228; x_wconf 90' lang='lat' dir='ltr'><strong>inter</strong></span> <span class='ocrx_word' id='word_1_183' title='bbox 678 3165 855 3248; x_wconf 81' lang='lat' dir='ltr'><strong>Georgium</strong></span> <span class='ocrx_word' id='word_1_184' title='bbox 874 3167 1073 3230; x_wconf 86' lang='lat' dir='ltr'><strong>Vithkowicz</strong></span> <span class='ocrx_word' id='word_1_185' title='bbox 1090 3171 1283 3233; x_wconf 91' lang='lat' dir='ltr'><strong>modernum</strong></span> <span class='ocrx_word' id='word_1_186' title='bbox 1308 3172 1448 3252; x_wconf 88' lang='lat' dir='ltr'><strong>judicem</strong></span> <span class='ocrx_word' id='word_1_187' title='bbox 1474 3188 1505 3237; x_wconf 90' lang='lat' dir='ltr'><strong>et</strong></span> 
     </span>
     <span class='ocr_line' id='line_1_25' title="bbox 246 3272 1504 3362; baseline 0.006 -29"><span class='ocrx_word' id='word_1_188' title='bbox 246 3273 452 3334; x_wconf 89' lang='lat' dir='ltr'><strong>Dominicum</strong></span> <span class='ocrx_word' id='word_1_189' title='bbox 480 3272 641 3334; x_wconf 87' lang='lat' dir='ltr'><strong>Perowicz</strong></span> <span class='ocrx_word' id='word_1_190' title='bbox 665 3274 824 3335; x_wconf 87' lang='lat' dir='ltr'><strong>seniorem</strong></span> <span class='ocrx_word' id='word_1_191' title='bbox 849 3273 987 3352; x_wconf 85' lang='lat' dir='ltr'><strong>judicem</strong></span> <span class='ocrx_word' id='word_1_192' title='bbox 1014 3276 1142 3336; x_wconf 89' lang='lat' dir='ltr'><strong>racione</strong></span> <span class='ocrx_word' id='word_1_193' title='bbox 1165 3277 1331 3338; x_wconf 87' lang='lat' dir='ltr'><strong>cuiusdam</strong></span> <span class='ocrx_word' id='word_1_194' title='bbox 1356 3279 1504 3362; x_wconf 86' lang='lat' dir='ltr'><strong>vituperii</strong></span> 
     </span>
    </p>
   </div>
   <div class='ocr_carea' id='block_1_9' title="bbox 245 3378 1506 3546">
    <p class='ocr_par' dir='ltr' id='par_1_9' title="bbox 245 3378 1506 3546">
     <span class='ocr_line' id='line_1_26' title="bbox 246 3378 1506 3467; baseline 0.006 -27"><span class='ocrx_word' id='word_1_195' title='bbox 246 3392 292 3440; x_wconf 90' lang='lat' dir='ltr'><strong>est</strong></span> <span class='ocrx_word' id='word_1_196' title='bbox 316 3392 485 3460; x_wconf 87' lang='lat' dir='ltr'><strong>prorogata</strong></span> <span class='ocrx_word' id='word_1_197' title='bbox 518 3398 619 3459; x_wconf 87' lang='lat' dir='ltr'><strong>usque</strong></span> <span class='ocrx_word' id='word_1_198' title='bbox 653 3378 835 3459; x_wconf 88' lang='lat' dir='ltr'><strong>proximum</strong></span> <span class='ocrx_word' id='word_1_199' title='bbox 868 3379 1022 3458; x_wconf 82' lang='lat' dir='ltr'><strong>judicium</strong></span> <span class='ocrx_word' id='word_1_200' title='bbox 1055 3382 1143 3463; x_wconf 94' lang='lat' dir='ltr'><strong>quod</strong></span> <span class='ocrx_word' id='word_1_201' title='bbox 1176 3396 1310 3465; x_wconf 89' lang='lat' dir='ltr'><strong>utraque</strong></span> <span class='ocrx_word' id='word_1_202' title='bbox 1338 3404 1410 3466; x_wconf 90' lang='lat' dir='ltr'><strong>pars</strong></span> <span class='ocrx_word' id='word_1_203' title='bbox 1433 3404 1506 3467; x_wconf 92' lang='lat' dir='ltr'><strong>pro-</strong></span> 
     </span>
     <span class='ocr_line' id='line_1_27' title="bbox 245 3486 470 3546; baseline 0.004 -1"><span class='ocrx_word' id='word_1_204' title='bbox 245 3486 341 3546; x_wconf 88' lang='lat' dir='ltr'><strong>ducat</strong></span> <span class='ocrx_word' id='word_1_205' title='bbox 366 3500 470 3546; x_wconf 77' lang='lat' dir='ltr'><strong>testes.</strong></span> 
     </span>
    </p>
   </div>
   <div class='ocr_carea' id='block_1_10' title="bbox 246 3590 1507 3885">
    <p class='ocr_par' dir='ltr' id='par_1_10' title="bbox 246 3590 1507 3885">
     <span class='ocr_line' id='line_1_28' title="bbox 352 3590 1507 3675; baseline 0.009 -25"><span class='ocrx_word' id='word_1_206' title='bbox 352 3590 429 3651; x_wconf 91' lang='lat' dir='ltr'><strong>ltem</strong></span> <span class='ocrx_word' id='word_1_207' title='bbox 456 3592 487 3651; x_wconf 92' lang='lat' dir='ltr'><strong>in</strong></span> <span class='ocrx_word' id='word_1_208' title='bbox 512 3611 605 3651; x_wconf 88' lang='lat' dir='ltr'><strong>causa</strong></span> <span class='ocrx_word' id='word_1_209' title='bbox 640 3593 721 3651; x_wconf 90' lang='lat' dir='ltr'><strong>inter</strong></span> <span class='ocrx_word' id='word_1_210' title='bbox 745 3592 945 3653; x_wconf 88' lang='lat' dir='ltr'><strong>Demetrium</strong></span> <span class='ocrx_word' id='word_1_211' title='bbox 978 3592 1092 3674; x_wconf 83' lang='lat' dir='ltr'><strong>Syczlri</strong></span> <span class='ocrx_word' id='word_1_212' title='bbox 1121 3594 1242 3657; x_wconf 93' lang='lat' dir='ltr'><strong>dictum</strong></span> <span class='ocrx_word' id='word_1_213' title='bbox 1273 3595 1412 3675; x_wconf 88' lang='lat' dir='ltr'><strong>juratum</strong></span> <span class='ocrx_word' id='word_1_214' title='bbox 1438 3616 1507 3659; x_wconf 93' lang='lat' dir='ltr'><strong>mo·</strong></span> 
     </span>
     <span class='ocr_line' id='line_1_29' title="bbox 246 3695 1507 3784; baseline 0.006 -26"><span class='ocrx_word' id='word_1_215' title='bbox 246 3698 381 3758; x_wconf 93' lang='lat' dir='ltr'><strong>dernum</strong></span> <span class='ocrx_word' id='word_1_216' title='bbox 408 3711 437 3756; x_wconf 88' lang='lat' dir='ltr'><strong>et</strong></span> <span class='ocrx_word' id='word_1_217' title='bbox 455 3695 652 3757; x_wconf 79' lang='lat' dir='ltr'><strong>Dorotheum</strong></span> <span class='ocrx_word' id='word_1_218' title='bbox 672 3697 813 3759; x_wconf 89' lang='lat' dir='ltr'><strong>relictam</strong></span> <span class='ocrx_word' id='word_1_219' title='bbox 839 3698 975 3760; x_wconf 90' lang='lat' dir='ltr'><strong>condam</strong></span> <span class='ocrx_word' id='word_1_220' title='bbox 994 3699 1119 3761; x_wconf 89' lang='lat' dir='ltr'><strong>Nicolai</strong></span> <span class='ocrx_word' id='word_1_221' title='bbox 1137 3697 1228 3778; x_wconf 83' lang='lat' dir='ltr'><strong>fabri,</strong></span> <span class='ocrx_word' id='word_1_222' title='bbox 1257 3703 1324 3784; x_wconf 91' lang='lat' dir='ltr'><strong>ipsa</strong></span> <span class='ocrx_word' id='word_1_223' title='bbox 1343 3703 1507 3766; x_wconf 88' lang='lat' dir='ltr'><strong>Dorothea</strong></span> 
     </span>
     <span class='ocr_line' id='line_1_30' title="bbox 247 3803 1160 3885; baseline 0.004 -20"><span class='ocrx_word' id='word_1_224' title='bbox 247 3806 341 3865; x_wconf 90' lang='lat' dir='ltr'><strong>debet</strong></span> <span class='ocrx_word' id='word_1_225' title='bbox 366 3803 558 3884; x_wconf 87' lang='lat' dir='ltr'><strong>respondere</strong></span> <span class='ocrx_word' id='word_1_226' title='bbox 584 3805 616 3864; x_wconf 91' lang='lat' dir='ltr'><strong>in</strong></span> <span class='ocrx_word' id='word_1_227' title='bbox 641 3806 788 3885; x_wconf 86' lang='lat' dir='ltr'><strong>proximo</strong></span> <span class='ocrx_word' id='word_1_228' title='bbox 813 3805 933 3884; x_wconf 86' lang='lat' dir='ltr'><strong>judicio</strong></span> <span class='ocrx_word' id='word_1_229' title='bbox 958 3806 1160 3870; x_wconf 88' lang='lat' dir='ltr'><strong>adveniente.</strong></span> 
     </span>
    </p>
   </div>
   <div class='ocr_carea' id='block_1_11' title="bbox 351 3928 1507 4000">
    <p class='ocr_par' dir='ltr' id='par_1_11' title="bbox 351 3928 1507 4000">
     <span class='ocr_line' id='line_1_31' title="bbox 351 3928 1507 4000; baseline 0.012 -14"><span class='ocrx_word' id='word_1_230' title='bbox 351 3928 427 3987; x_wconf 87' lang='lat' dir='ltr'><strong>ltem</strong></span> <span class='ocrx_word' id='word_1_231' title='bbox 460 3947 586 3987; x_wconf 89' lang='lat' dir='ltr'><strong>causam</strong></span> <span class='ocrx_word' id='word_1_232' title='bbox 620 3928 701 3987; x_wconf 92' lang='lat' dir='ltr'><strong>inter</strong></span> <span class='ocrx_word' id='word_1_233' title='bbox 732 3928 901 3990; x_wconf 88' lang='lat' dir='ltr'><strong>Nicolaum</strong></span> <span class='ocrx_word' id='word_1_234' title='bbox 937 3944 1078 3991; x_wconf 90' lang='lat' dir='ltr'><strong>sutorem</strong></span> <span class='ocrx_word' id='word_1_235' title='bbox 1115 3932 1286 3995; x_wconf 88' lang='lat' dir='ltr'><strong>Mikulicza</strong></span> <span class='ocrx_word' id='word_1_236' title='bbox 1319 3934 1440 3998; x_wconf 89' lang='lat' dir='ltr'><strong>dictum</strong></span> <span class='ocrx_word' id='word_1_237' title='bbox 1475 3952 1507 4000; x_wconf 91' lang='lat' dir='ltr'><strong>et</strong></span> 
     </span>
    </p>
   </div>
   <div class='ocr_carea' id='block_1_12' title="bbox 248 4033 1507 4218">
    <p class='ocr_par' dir='ltr' id='par_1_12' title="bbox 248 4033 1507 4218">
     <span class='ocr_line' id='line_1_32' title="bbox 248 4033 1507 4123; baseline 0.009 -29"><span class='ocrx_word' id='word_1_238' title='bbox 248 4033 425 4114; x_wconf 84' lang='lat' dir='ltr'><strong>Georgium</strong></span> <span class='ocrx_word' id='word_1_239' title='bbox 455 4047 608 4110; x_wconf 86' lang='lat' dir='ltr'><strong>sutorem,</strong></span> <span class='ocrx_word' id='word_1_240' title='bbox 640 4033 725 4094; x_wconf 91' lang='lat' dir='ltr'><strong>idem</strong></span> <span class='ocrx_word' id='word_1_241' title='bbox 760 4033 918 4114; x_wconf 86' lang='lat' dir='ltr'><strong>Georgius</strong></span> <span class='ocrx_word' id='word_1_242' title='bbox 949 4053 1038 4097; x_wconf 85' lang='lat' dir='ltr'><strong>sutor</strong></span> <span class='ocrx_word' id='word_1_243' title='bbox 1070 4039 1182 4119; x_wconf 88' lang='lat' dir='ltr'><strong>petivit</strong></span> <span class='ocrx_word' id='word_1_244' title='bbox 1206 4055 1236 4100; x_wconf 90' lang='lat' dir='ltr'><strong>et</strong></span> <span class='ocrx_word' id='word_1_245' title='bbox 1268 4041 1443 4123; x_wconf 84' lang='lat' dir='ltr'><strong>appellavit</strong></span> <span class='ocrx_word' id='word_1_246' title='bbox 1467 4044 1507 4107; x_wconf 87' lang='lat' dir='ltr'><strong>ad</strong></span> 
     </span>
     <span class='ocr_line' id='line_1_33' title="bbox 248 4138 860 4218; baseline 0.007 -20"><span class='ocrx_word' id='word_1_247' title='bbox 248 4139 351 4218; x_wconf 88' lang='lat' dir='ltr'><strong>legem</strong></span> <span class='ocrx_word' id='word_1_248' title='bbox 376 4138 689 4200; x_wconf 84' lang='lat' dir='ltr'><strong>consvetudinariam</strong></span> <span class='ocrx_word' id='word_1_249' title='bbox 715 4141 860 4202; x_wconf 88' lang='lat' dir='ltr'><strong>civitatis.</strong></span> 
     </span>
    </p>
   </div>
   <div class='ocr_carea' id='block_1_13' title="bbox 248 4261 1510 4673">
    <p class='ocr_par' dir='ltr' id='par_1_13' title="bbox 248 4261 1510 4673">
     <span class='ocr_line' id='line_1_34' title="bbox 355 4261 1509 4357; baseline 0.015 -36"><span class='ocrx_word' id='word_1_250' title='bbox 355 4261 429 4321; x_wconf 90' lang='lat' dir='ltr'><strong>ltem</strong></span> <span class='ocrx_word' id='word_1_251' title='bbox 457 4264 488 4321; x_wconf 88' lang='lat' dir='ltr'><strong>in</strong></span> <span class='ocrx_word' id='word_1_252' title='bbox 513 4283 605 4323; x_wconf 87' lang='lat' dir='ltr'><strong>causa</strong></span> <span class='ocrx_word' id='word_1_253' title='bbox 632 4264 712 4324; x_wconf 91' lang='lat' dir='ltr'><strong>inter</strong></span> <span class='ocrx_word' id='word_1_254' title='bbox 740 4265 913 4344; x_wconf 85' lang='lat' dir='ltr'><strong>quemdam</strong></span> <span class='ocrx_word' id='word_1_255' title='bbox 948 4266 1032 4326; x_wconf 85' lang='lat' dir='ltr'><strong>lwan</strong></span> <span class='ocrx_word' id='word_1_256' title='bbox 1065 4283 1096 4328; x_wconf 90' lang='lat' dir='ltr'><strong>et</strong></span> <span class='ocrx_word' id='word_1_257' title='bbox 1123 4269 1242 4331; x_wconf 88' lang='lat' dir='ltr'><strong>Lucam</strong></span> <span class='ocrx_word' id='word_1_258' title='bbox 1269 4271 1417 4336; x_wconf 85' lang='lat' dir='ltr'><strong>Ribaricz</strong></span> <span class='ocrx_word' id='word_1_259' title='bbox 1450 4295 1509 4357; x_wconf 86' lang='lat' dir='ltr'><strong>pru</strong></span> 
     </span>
     <span class='ocr_line' id='line_1_35' title="bbox 249 4368 1510 4461; baseline 0.015 -35"><span class='ocrx_word' id='word_1_260' title='bbox 249 4368 389 4448; x_wconf 86' lang='lat' dir='ltr'><strong>quodam</strong></span> <span class='ocrx_word' id='word_1_261' title='bbox 425 4369 565 4449; x_wconf 86' lang='lat' dir='ltr'><strong>dampno</strong></span> <span class='ocrx_word' id='word_1_262' title='bbox 598 4389 654 4450; x_wconf 90' lang='lat' dir='ltr'><strong>per</strong></span> <span class='ocrx_word' id='word_1_263' title='bbox 685 4390 801 4450; x_wconf 81' lang='lat' dir='ltr'><strong>aquam</strong></span> <span class='ocrx_word' id='word_1_264' title='bbox 835 4371 928 4447; x_wconf 83' lang='lat' dir='ltr'><strong>iacto,</strong></span> <span class='ocrx_word' id='word_1_265' title='bbox 961 4373 1102 4454; x_wconf 86' lang='lat' dir='ltr'><strong>prelatus</strong></span> <span class='ocrx_word' id='word_1_266' title='bbox 1137 4373 1219 4438; x_wconf 83' lang='lat' dir='ltr'><strong>lwan</strong></span> <span class='ocrx_word' id='word_1_267' title='bbox 1253 4377 1395 4460; x_wconf 86' lang='lat' dir='ltr'><strong>deponet</strong></span> <span class='ocrx_word' id='word_1_268' title='bbox 1425 4381 1510 4461; x_wconf 86' lang='lat' dir='ltr'><strong>jura·</strong></span> 
     </span>
     <span class='ocr_line' id='line_1_36' title="bbox 249 4475 1508 4568; baseline 0.015 -36"><span class='ocrx_word' id='word_1_269' title='bbox 249 4489 392 4533; x_wconf 91' lang='lat' dir='ltr'><strong>mentum</strong></span> <span class='ocrx_word' id='word_1_270' title='bbox 420 4475 450 4532; x_wconf 91' lang='lat' dir='ltr'><strong>in</strong></span> <span class='ocrx_word' id='word_1_271' title='bbox 476 4495 528 4535; x_wconf 90' lang='lat' dir='ltr'><strong>ara</strong></span> <span class='ocrx_word' id='word_1_272' title='bbox 554 4492 660 4536; x_wconf 82' lang='lat' dir='ltr'><strong>sancte</strong></span> <span class='ocrx_word' id='word_1_273' title='bbox 679 4475 792 4538; x_wconf 86' lang='lat' dir='ltr'><strong>Crucis</strong></span> <span class='ocrx_word' id='word_1_274' title='bbox 816 4477 914 4553; x_wconf 85' lang='lat' dir='ltr'><strong>solus,</strong></span> <span class='ocrx_word' id='word_1_275' title='bbox 939 4479 1026 4559; x_wconf 93' lang='lat' dir='ltr'><strong>quod</strong></span> <span class='ocrx_word' id='word_1_276' title='bbox 1045 4481 1110 4560; x_wconf 88' lang='lat' dir='ltr'><strong>ipse</strong></span> <span class='ocrx_word' id='word_1_277' title='bbox 1124 4495 1171 4543; x_wconf 90' lang='lat' dir='ltr'><strong>est</strong></span> <span class='ocrx_word' id='word_1_278' title='bbox 1191 4502 1301 4563; x_wconf 91' lang='lat' dir='ltr'><strong>passus</strong></span> <span class='ocrx_word' id='word_1_279' title='bbox 1319 4484 1508 4568; x_wconf 83' lang='lat' dir='ltr'><strong>dampnum,</strong></span> 
     </span>
     <span class='ocr_line' id='line_1_37' title="bbox 248 4581 1510 4673; baseline 0.014 -33"><span class='ocrx_word' id='word_1_280' title='bbox 248 4598 344 4660; x_wconf 89' lang='lat' dir='ltr'><strong>super</strong></span> <span class='ocrx_word' id='word_1_281' title='bbox 368 4594 490 4660; x_wconf 85' lang='lat' dir='ltr'><strong>quanto</strong></span> <span class='ocrx_word' id='word_1_282' title='bbox 516 4581 664 4655; x_wconf 80' lang='lat' dir='ltr'><strong>juraverit</strong></span> <span class='ocrx_word' id='word_1_283' title='bbox 697 4584 785 4663; x_wconf 92' lang='lat' dir='ltr'><strong>quod</strong></span> <span class='ocrx_word' id='word_1_284' title='bbox 818 4605 873 4666; x_wconf 89' lang='lat' dir='ltr'><strong>per</strong></span> <span class='ocrx_word' id='word_1_285' title='bbox 897 4605 1015 4665; x_wconf 87' lang='lat' dir='ltr'><strong>aquam</strong></span> <span class='ocrx_word' id='word_1_286' title='bbox 1048 4602 1177 4669; x_wconf 90' lang='lat' dir='ltr'><strong>propter</strong></span> <span class='ocrx_word' id='word_1_287' title='bbox 1209 4590 1445 4673; x_wconf 76' lang='lat' dir='ltr'><strong>negligenciam</strong></span> <span class='ocrx_word' id='word_1_288' title='bbox 1477 4609 1510 4658; x_wconf 90' lang='lat' dir='ltr'><strong>et</strong></span> 
     </span>
    </p>
   </div>
   <div class='ocr_carea' id='block_1_14' title="bbox 247 4684 1508 4874">
    <p class='ocr_par' dir='ltr' id='par_1_14' title="bbox 247 4684 1508 4874">
     <span class='ocr_line' id='line_1_38' title="bbox 248 4684 1508 4782; baseline 0.017 -38"><span class='ocrx_word' id='word_1_289' title='bbox 248 4684 408 4746; x_wconf 84' lang='lat' dir='ltr'><strong>deiectum</strong></span> <span class='ocrx_word' id='word_1_290' title='bbox 436 4688 533 4767; x_wconf 90' lang='lat' dir='ltr'><strong>ipsius</strong></span> <span class='ocrx_word' id='word_1_291' title='bbox 560 4689 643 4749; x_wconf 73' lang='lat' dir='ltr'><strong>luce</strong></span> <span class='ocrx_word' id='word_1_292' title='bbox 671 4689 835 4764; x_wconf 86' lang='lat' dir='ltr'><strong>Ribaricz;</strong></span> <span class='ocrx_word' id='word_1_293' title='bbox 860 4706 891 4751; x_wconf 89' lang='lat' dir='ltr'><strong>et</strong></span> <span class='ocrx_word' id='word_1_294' title='bbox 914 4692 975 4753; x_wconf 88' lang='lat' dir='ltr'><strong>hoc</strong></span> <span class='ocrx_word' id='word_1_295' title='bbox 997 4693 1137 4774; x_wconf 86' lang='lat' dir='ltr'><strong>deponet</strong></span> <span class='ocrx_word' id='word_1_296' title='bbox 1159 4693 1236 4756; x_wconf 77' lang='lat' dir='ltr'><strong>teria</strong></span> <span class='ocrx_word' id='word_1_297' title='bbox 1260 4713 1346 4761; x_wconf 82' lang='lat' dir='ltr'><strong>sexta</strong></span> <span class='ocrx_word' id='word_1_298' title='bbox 1362 4701 1508 4782; x_wconf 84' lang='lat' dir='ltr'><strong>proxime</strong></span> 
     </span>
     <span class='ocr_line' id='line_1_39' title="bbox 247 4805 406 4874; baseline 0.006 -21"><span class='ocrx_word' id='word_1_299' title='bbox 247 4805 406 4874; x_wconf 79' lang='lat' dir='ltr'><strong>sequenti.</strong></span> 
     </span>
    </p>
   </div>
   <div class='ocr_carea' id='block_1_15' title="bbox 0 0 1765 5264">
    <p class='ocr_par' dir='ltr' id='par_1_15' title="bbox 0 0 1765 5264">
     <span class='ocr_line' id='line_1_40' title="bbox 0 0 1765 5264; baseline 0 0"><span class='ocrx_word' id='word_1_300' title='bbox 0 0 1765 5264; x_wconf 95' lang='lat' dir='ltr'><strong> </strong></span> 
     </span>
    </p>
   </div>
  </div>
 </body>
</html>
