3502 5264
239 330 283 391 44
612 313 698 371 Anno
729 309 823 389 1487.
846 346 890 357 -
913 327 964 390 24.
981 314 1132 389 anuarri'.

240 523 301 584 sibi
328 524 401 585 illos
424 525 507 586 duos
533 523 620 600 flor.;
644 537 720 586 tunc
749 525 774 585 si
807 524 924 605 jurabit
953 525 1115 587 tenebitur
1146 525 1251 586 eidem
1278 524 1421 606 Georgio
1446 526 1507 587 De·

243 631 376 693 metrius
400 631 473 693 illos
498 631 580 693 duos
604 630 673 693 flor.
698 632 843 709 solvere3
867 651 925 714 pro
958 633 1020 694 illis
1044 647 1150 694 autem
1183 633 1310 694 duobus
1334 633 1403 695 flor.
1427 652 1509 715 quos

242 738 319 800 dicit
352 739 478 800 dedisse
511 739 693 801 Demetrius
733 739 824 800 uxori
856 759 912 801 sue
945 740 1112 821 ignorante
1144 737 1287 820 Georgia
1319 739 1509 819 Vidlrouicz,

243 845 430 908 Demetrius
453 845 549 908 debet
573 845 676 927 jurare
701 865 796 928 super
827 846 925 908 altare
957 859 1063 908 sancte
1089 846 1212 925 Crucis,
1243 847 1269 908 si
1294 845 1410 927 jurabit
1432 860 1509 909 ωηο

245 953 327 1015 liber
351 952 419 1016 erit.

338 1038 428 1121 ltem
453 1059 566 1120 eadem
583 1059 635 1121 die
660 1079 754 1122 causa
772 1060 853 1122 inter
875 1060 1022 1121 Ribaricz
1040 1060 1160 1121 Lucam
1178 1073 1209 1121 et
1226 1060 1307 1121 inter
1331 1058 1508 1141 Georgium

245 1166 388 1228 Zalaricz
420 1166 548 1227 racione
580 1166 757 1248 empcionis
788 1165 953 1228 cuiusdam
977 1166 1078 1243 bovis,
1110 1165 1202 1246 jurati
1235 1165 1509 1246 dejudicaverunt,

245 1271 359 1354 (quod)
385 1273 488 1334 Lucas
513 1272 608 1334 debet
625 1271 728 1354 jurare
753 1271 829 1333 feria
847 1287 933 1332 sexta
950 1286 1021 1353 post
1046 1270 1161 1333 festum
1179 1270 1409 1333 Conversionis
1425 1272 1508 1334 beati

243 1379 333 1441 Pauli
358 1399 454 1460 super
478 1379 576 1441 altare
600 1392 707 1440 sancte
731 1378 844 1441 Crucis
877 1380 963 1459 quod
997 1380 1063 1461 ipse
1088 1379 1231 1439 Zalaricz
1265 1397 1327 1439 ηοη
1354 1377 1442 1439 dedit
1467 1378 1507 1439 ad

246 1485 339 1547 illum
365 1485 538 1547 terminum
563 1486 643 1547 sicut
667 1485 893 1568 disposuerunt
918 1486 1000 1547 inter
1020 1505 1053 1547 se
1078 1485 1221 1567 precium
1248 1485 1334 1546 illius
1359 1485 1467 1561 bovia3
1484 1485 1509 1545 si

245 1592 348 1653 Lucas
371 1591 489 1673 jurabit
511 1606 587 1654 tunc
605 1593 746 1654 Zalaricz
771 1592 895 1654 amittet
921 1591 999 1654 illud
1017 1591 1105 1675 quod
1123 1590 1255 1653 dederat
1279 1591 1318 1652 ad
1347 1591 1509 1653 racionem

245 1698 332 1760 illius
355 1699 457 1762 bovis.

273 1934 366 2007 Feria
396 1944 520 2025 quarta
550 1939 702 2026 proxima
740 1945 818 2009 ante
847 1938 970 2009 leston
1000 1936 1231 2009 conversionis
1269 1939 1356 2008 beati
1388 1936 1482 2008 Pauli

799 2062 955 2150 apostoli.

752 2218 816 2294 (24.
832 2216 1000 2292 januarii).

352 2357 458 2420 Causa
483 2358 565 2419 inter
589 2358 695 2418 Eliam
720 2371 979 2439 campanatorem
998 2371 1028 2418 et
1053 2357 1230 2440 Georgium
1257 2359 1460 2421 Benakouicz
1479 2374 1509 2422 et

248 2463 440 2526 Michaelem
467 2463 573 2544 Orzag
605 2476 636 2525 et
668 2463 810 2525 Blasium
836 2463 1081 2547 Necreschenylr
1112 2477 1142 2525 et
1166 2465 1379 2526 Laurentium
1405 2465 1510 2550 Spacy

248 2590 310 2652 que
336 2569 395 2633 fuit
419 2591 475 2653 per
499 2571 618 2653 juratos
643 2570 834 2650 dejudicata,
862 2590 924 2652 qua
951 2569 990 2631 de
1015 2570 1215 2649 judicacione
1249 2570 1425 2651 juratorum
1451 2572 1509 2652 (in)

248 2697 375 2739 causam
394 2678 516 2740 attracti
542 2697 608 2739 ηοη
625 2678 765 2739 contenti
788 2677 1031 2759 appellaverunt
1048 2678 1087 2738 ad
1105 2678 1257 2755 seniores,
1275 2679 1349 2739 item
1368 2679 1510 2740 seniores

247 2784 368 2864 judices
393 2785 465 2846 loco
490 2798 642 2846 consveto
666 2803 724 2865 pro
748 2783 906 2845 tribunale
935 2783 1148 2861 considentes,
1173 2785 1414 2866 proposiciones
1439 2805 1508 2866 par·

246 2892 331 2953 cium
356 2892 533 2969 audientes,
558 2892 614 2973 qui
640 2890 727 2952 Elias
751 2903 958 2972 campanator
982 2889 1071 2968 dixit,
1105 2891 1192 2971 quod
1218 2891 1272 2952 ille
1297 2911 1346 2952 res
1370 2912 1425 2953 sue
1450 2891 1509 2952 sci·

247 2999 322 3060 licet
354 3018 488 3059 naranse
520 3017 575 3080 per
608 2998 694 3079 ipsos
721 2996 780 3078 (in)
812 3016 940 3057 causam
972 3010 1120 3058 attractos
1152 2996 1228 3058 dum
1262 2998 1320 3079 ipsi
1353 2998 1385 3059 in
1410 2998 1509 3059 curris

247 3105 445 3166 ducebantur
470 3122 526 3185 per
550 3103 785 3184 negligenciam
820 3102 961 3183 ipsorum
994 3099 1122 3163 luerunt
1148 3103 1178 3163 in
1205 3122 1320 3183 aquam
1347 3101 1508 3164 madidate

248 3225 279 3273 et
303 3230 359 3292 per
383 3209 470 3271 illam
503 3208 760 3270 madidacionem
793 3223 866 3269 sunt
897 3208 973 3289 pile,
1000 3208 1141 3269 seniores
1168 3208 1289 3285 judices
1313 3209 1356 3271 sic
1383 3207 1506 3288 dejudi-

245 3330 414 3394 caverunt,
446 3317 577 3398 quando
610 3317 668 3398 ipsi
702 3314 913 3376 conductores
955 3316 1019 3396 ipsa
1054 3315 1124 3375 Elie
1163 3315 1295 3396 predicti
1328 3314 1367 3375 ad
1400 3315 1505 3376 locum

246 3437 453 3506 portaverunt
470 3423 524 3483 ubi
551 3423 617 3503 ipse
637 3422 722 3483 Elias
747 3420 908 3503 deponere
933 3420 1043 3481 habuit
1061 3441 1109 3481 res
1126 3439 1209 3497 suas,
1234 3435 1309 3481 tune
1335 3421 1401 3502 ipse
1420 3421 1506 3482 Elias

245 3530 270 3591 si
295 3529 375 3591 vidit
406 3528 584 3610 dampnum
616 3528 748 3609 aliquod
774 3546 841 3588 esse
875 3528 905 3586 in
943 3528 1036 3588 rebus
1068 3541 1142 3587 tunc
1175 3527 1337 3588 debuisset
1360 3547 1378 3588 a
1403 3526 1507 3604 judice

247 3650 354 3718 petere
371 3649 425 3696 aut
449 3634 568 3715 juratos
585 3634 725 3715 recipere
742 3647 772 3694 et
791 3633 863 3693 illos
881 3632 911 3692 in
938 3633 1132 3712 presenciam
1151 3632 1384 3692 conductorum
1410 3631 1507 3693 advo·

247 3761 317 3802 care
342 3755 373 3803 et
398 3738 478 3801 illud
503 3739 679 3821 dampnum
706 3739 782 3820 ipsis
805 3738 1008 3820 (ostendere),
1032 3739 1057 3798 si
1087 3740 1131 3799 sic
1156 3738 1291 3815 lecisset,
1316 3752 1390 3798 tunc
1415 3737 1508 3818 quid·

248 3846 325 3929 quid
344 3846 474 3928 dampni
498 3847 690 3928 percepisset
707 3847 739 3906 in
757 3848 850 3907 rebus
867 3846 931 3905 suis
949 3847 1006 3925 ipsi
1022 3846 1233 3907 conductores
1258 3845 1391 3907 luissent
1404 3845 1509 3906 eidem

248 3954 280 4014 in
306 3954 449 4034 dampno
467 3952 613 4032 obligati,
638 3965 668 4012 et
685 3951 759 4032 quia
778 3952 819 4011 ita
837 3969 902 4011 non
928 3950 1002 4012 feeit
1019 3971 1095 4030 ergo
1120 3952 1213 4011 debet
1231 3952 1406 4033 dampnum
1423 3951 1511 4012 solus

245 4059 382 4135 auferre,
415 4058 501 4120 idem
528 4059 614 4120 Elias
646 4078 710 4119 non
743 4071 911 4118 contentus
946 4059 985 4117 ad
1018 4058 1204 4135 magistrum
1239 4057 1508 4118 thawernicorum

247 4166 431 4248 appellavit.
