3502 5264
639 373 723 430 Anno
745 367 840 451 1486.
866 407 905 417 -
930 387 979 438 10.
1003 378 1114 439 martii.

763 585 888 647 Ztansa.

769 692 917 756 Jacobus.

767 799 960 862 Anthonius.

767 904 960 988 Stephanus.

768 1010 937 1094 Georgius.

770 1118 903 1200 Symon.

767 1225 937 1287 Martinus.

770 1331 941 1396 Michael«

769 1438 934 1500 Nicolaus.

771 1544 958 1626 Gregorius.

772 1650 945 1734 Chyrinus.

772 1757 960 1840 Bolfangus.

775 1864 963 1946 Gregorius,

771 1974 972 2036 Valentinus.

768 2080 892 2143 Gallus.

407 2317 501 2390 Faria
531 2329 628 2390 sexta
658 2318 810 2408 proxima
838 2330 916 2390 ante
945 2317 1144 2392 dominicam
1172 2319 1366 2390 invocavit.

747 2474 809 2548 (10.
824 2472 1003 2551 februarit).

352 2615 429 2678 item
455 2615 550 2695 jurati
575 2614 850 2695 adjudicaverunt,
882 2616 970 2696 quod
1000 2613 1193 2695 Margaritha
1220 2633 1351 2676 consors
1375 2611 1508 2694 Georgii

248 2727 356 2809 Zobay
381 2723 622 2807 propterquod
647 2723 782 2785 Nicolao
806 2743 917 2805 sporar
943 2737 973 2784 et
998 2722 1141 2803 Georgio
1168 2722 1237 2783 viro
1263 2740 1322 2783 suo
1347 2719 1436 2782 dedit
1460 2720 1507 2781 bi·

246 2836 319 2893 bere
340 2851 491 2893 araneam
517 2845 551 2891 ut
575 2831 692 2891 mortui
717 2843 833 2909 essent,
857 2831 923 2912 ipsa
941 2829 1036 2890 debet
1061 2828 1210 2890 comburi
1236 2828 1267 2889 in
1292 2826 1441 2888 Zredisca
1457 2825 1510 2888 die

245 2939 438 3021 supradicto

351 3045 428 3107 ltem
454 3043 591 3106 eandem
618 3042 803 3105 informavit
829 3041 1120 3104 Mazthenthuchek
1146 3041 1186 3104 de
1212 3040 1344 3124 Dedych
1369 3055 1400 3103 et
1423 3040 1510 3103 Tha·

247 3153 322 3214 rada
348 3152 387 3213 de
411 3151 522 3232 Wgra.

352 3257 430 3320 ltem
457 3258 541 3318 idem
567 3257 646 3319 dixit
672 3257 761 3339 quod
786 3257 1009 3338 Draginsticza
1028 3255 1168 3337 perdidit
1189 3274 1333 3316 sororem
1355 3253 1510 3316 Anthonii

249 3364 445 3426 Ocztowich.

354 3470 429 3532 Item
456 3471 540 3532 idem
567 3471 646 3532 dixit
678 3470 766 3552 quod
801 3471 881 3531 Orsa
910 3470 1024 3531 Precza
1058 3468 1210 3530 ribaricza
1242 3467 1330 3529 dedit
1354 3467 1393 3528 de
1417 3486 1511 3529 carne

248 3575 390 3636 zinthille
416 3577 505 3637 uxori
532 3576 632 3638 Elene
657 3575 804 3657 pellificis
831 3576 1031 3636 Zavariczar.

356 3682 431 3742 item
459 3681 558 3743 Elena
592 3701 670 3743 uxor
703 3683 785 3743 Petri
820 3683 929 3763 plusar
961 3681 1049 3742 dedit
1075 3682 1214 3743 Martino
1247 3680 1446 3763 carpentario
1471 3680 1511 3742 de

249 3787 370 3847 zintilia
396 3788 504 3848 bibere
537 3803 571 3849 ut
603 3789 767 3864 morietur,
801 3789 893 3868 jurati
931 3788 1206 3867 adjudicaverunt,
1241 3802 1274 3849 ut
1307 3788 1393 3849 idem
1417 3787 1512 3849 debet

249 3894 396 3954 comburi
421 3895 452 3954 in
478 3894 624 3956 Zredisce
650 3895 702 3956 die
728 3909 761 3956 ut
790 3915 895 3974 supra.

357 3998 433 4060 item
459 4000 570 4061 eadem
602 4001 731 4061 banavit
762 4000 860 4060 filiam
895 3999 977 4061 l'etri
1013 4001 1132 4079 Dragin
1165 4019 1236 4061 cum
1270 4013 1370 4061 matre
1402 4012 1513 4060 suaet

250 4124 322 4166 cum
342 4106 630 4167 Mazthenthuehek
657 4107 688 4165 in
714 4106 823 4167 multis
848 4105 979 4186 (hierbis
1004 4105 1091 4186 qnod
1115 4119 1222 4188 posset
1246 4105 1407 4167 maridari.

429 4344 523 4415 Feria
552 4356 649 4415 sexta
678 4348 831 4434 proxima
861 4354 938 4415 ante
967 4346 1166 4415 dominicam
1196 4341 1327 4432 Jndica.

779 4506 841 4571 (10.
866 4499 990 4568 martii).

358 4639 433 4700 item
460 4639 552 4713 jurati
570 4639 847 4719 adjudicaverunt,
865 4654 994 4720 propter
1018 4636 1106 4720 qnod
1125 4638 1209 4697 Dora
1238 4635 1426 4698 Maruaczna
1452 4631 1514 4697 tuit

252 4745 412 4808 diffamata
432 4766 488 4828 per
513 4747 717 4825 Margaritam
744 4764 875 4807 uxorem
894 4744 1025 4826 Georgii
1047 4745 1156 4825 Zobay
1174 4741 1263 4823 quod
1288 4741 1423 4804 minaret
1439 4758 1511 4804 cum

252 4852 442 4935 prodicione
466 4852 575 4913 multis
599 4851 796 4932 hominibus,
829 4851 914 4913 idem
943 4849 1136 4933 Margaritha
1169 4849 1200 4911 in
1225 4862 1329 4912 morte
1351 4845 1515 4911 revocarit
