3502 5264
637 323 725 381 Anno
748 335 842 399 1499.
865 356 906 364 -
928 336 978 398 19.
1002 324 1116 396 aprilis.

249 536 459 597 commissum
485 533 544 597 luit
568 536 626 598 sibi
645 556 698 597 eas
714 535 882 613 extradari,
907 549 938 597 et
961 535 1001 597 de
1019 536 1158 617 presenti
1176 551 1362 620 compertus
1386 551 1515 600 estnon

249 643 479 721 extradedisse,
502 663 561 727 pro
586 664 624 705 eo
641 643 727 705 idem
745 642 936 705 Dominicus
958 641 1058 704 tercio
1075 662 1107 703 se
1132 643 1256 705 civibus
1272 658 1328 707 aut
1351 644 1516 707 nobilibus

253 749 356 830 jurare
383 750 515 813 debebit
538 751 570 812 in
594 751 734 812 termino
755 749 900 832 predicto
918 749 949 810 in
975 768 1025 827 eo,
1050 749 1139 831 quod
1165 750 1231 833 ipse
1248 765 1354 832 preter
1378 751 1448 813 illas
1465 772 1515 814 res

253 874 333 937 quas
357 870 560 939 comportare
584 856 645 919 huc
670 857 775 935 debet,
801 856 876 917 dicti
903 854 1054 937 Gasparis
1070 855 1125 917 sed
1151 876 1208 919 nec
1232 858 1385 940 pecunias
1409 857 1515 920 nullas

248 961 344 1024 habet
368 982 442 1044 erga
467 983 500 1025 se
525 983 630 1045 neque
654 963 703 1025 sui
728 962 887 1042 homines,
920 981 977 1023 nec
1002 982 1061 1045 pro
1086 983 1119 1025 se
1151 964 1310 1027 convertit
1334 983 1439 1046 neque
1464 965 1513 1026 sui

246 1067 413 1145 homines,
450 1070 504 1132 ubi
536 1090 613 1133 vero
647 1069 788 1153 prefatus
821 1069 1011 1130 Dominicus
1042 1088 1108 1130 non
1143 1083 1252 1152 posset
1283 1070 1405 1152 jurare,
1437 1084 1514 1132 tunc

248 1175 493 1257 quintodecimo
518 1177 568 1238 die
594 1177 657 1239 diei
682 1176 857 1260 supradicti
882 1175 966 1236 dicta
992 1175 1124 1237 domina
1149 1176 1314 1239 Dorothea
1339 1178 1378 1239 ad
1412 1197 1513 1260 quan·

247 1295 457 1364 tumcumque
482 1303 540 1365 pro
566 1284 661 1346 rebus
683 1283 856 1365 propositis
880 1282 911 1343 in
936 1282 1058 1363 judicio
1086 1281 1191 1363 jurare
1214 1284 1342 1366 poterit,
1365 1284 1513 1346 similiter

250 1389 345 1450 tercia
370 1409 402 1451 se
435 1391 599 1452 nobilibus
629 1391 844 1472 juramentum
878 1389 1041 1471 deponere
1073 1390 1204 1451 debebit
1235 1403 1313 1465 etc.;
1345 1406 1376 1451 et
1400 1413 1416 1452 a
1441 1411 1512 1452 sen·

247 1496 349 1558 tencia
364 1496 431 1579 ipsa
445 1511 633 1579 procurator
649 1496 793 1559 eiusdem
812 1496 943 1558 domine
960 1496 1135 1579 appellavit
1151 1497 1190 1558 ad
1209 1497 1378 1559 dominum
1396 1498 1512 1560 ducem

248 1623 286 1666 eo
312 1604 398 1685 quod
424 1604 593 1666 videbatur
625 1604 684 1666 sibi
719 1623 792 1665 cum
826 1603 936 1686 paucis
968 1603 1142 1665 Dominico
1167 1601 1264 1665 fuisse
1295 1603 1510 1686 juramentum

248 1709 477 1792 adjudicatum.

405 1947 500 2022 Feria
529 1960 627 2022 sexta
655 1958 733 2022 ante
762 1951 885 2023 festum
914 1949 1003 2022 beati
1032 1949 1163 2040 Georgii
1192 1954 1359 2023 martiris.

773 2105 837 2180 (19.
861 2105 989 2179 aprilis).

352 2242 456 2306 Causa
483 2245 564 2306 inter
588 2245 751 2306 Andream
784 2243 965 2306 carnificem
992 2258 1022 2306 et
1048 2243 1242 2326 Gregorium
1275 2246 1435 2308 literatum
1461 2266 1508 2308 ra·

246 2350 337 2411 cione
362 2353 586 2432 percussionis,
611 2352 650 2414 ad
683 2352 823 2434 primum
855 2350 1011 2432 judicium
1036 2353 1131 2414 ambe
1162 2365 1265 2435 partes
1289 2353 1510 2415 testimonium

245 2456 422 2538 producere
447 2459 620 2523 debebunt.

351 2562 456 2626 Causa
482 2566 563 2627 inter
588 2566 707 2627 Lucam
733 2580 873 2628 sutorem
900 2579 930 2627 et
959 2564 1127 2626 Elizabeth
1161 2565 1329 2627 mulierem
1355 2565 1509 2643 relictam,

245 2684 379 2731 matrem
397 2671 558 2733 Valentini
578 2672 734 2734 carnificis
751 2672 880 2734 racione
899 2671 1064 2734 cuiusdam
1085 2669 1226 2748 infamie,
1252 2671 1307 2733 ubi
1322 2672 1388 2752 ipse
1408 2672 1510 2732 Lucas

244 2776 379 2838 eandem
403 2778 504 2860 capite
529 2798 587 2839 suo
613 2779 747 2840 detineri
772 2777 892 2856 fecerit,
916 2780 958 2839 ob
983 2777 1066 2838 banc
1091 2797 1219 2839 causam
1244 2791 1279 2839 ut
1303 2777 1406 2839 eidem
1433 2796 1507 2838 cum

245 2881 308 2943 filia
333 2904 388 2944 sua
414 2904 574 2946 venenum
598 2899 724 2964 gustare
750 2886 921 2961 dedissent,
954 2885 1029 2966 quia
1055 2886 1085 2946 in
1111 2884 1279 2945 tormentis
1302 2881 1384 2946 sassa
1408 2882 1508 2946 nichil

244 3005 301 3066 est,
327 2990 399 3052 ideo
418 2990 510 3069 jurati
528 2992 794 3066 adjudicaverunt
810 3006 844 3053 ut
863 2993 928 3074 ipsa
948 2991 1114 3052 Elizabeth
1133 2990 1249 3052 mulier
1265 2990 1507 3052 tredecimamet

244 3096 389 3176 personis
406 3097 465 3158 sibi
483 3097 642 3158 similibus
659 3119 675 3158 a
694 3097 769 3159 seria
788 3098 885 3160 tercia
902 3098 940 3158 ad
960 3097 1273 3178 quintumdecimum
1292 3096 1378 3157 diem
1404 3095 1506 3175 jurare

245 3202 374 3264 debebit
404 3203 491 3285 quod
518 3204 583 3285 ipsa
616 3204 720 3265 eidem
748 3204 832 3265 Luce
865 3204 904 3264 de
937 3203 1006 3285 ipso
1030 3223 1155 3264 veneno
1187 3223 1252 3264 non
1278 3202 1375 3280 dedit,
1400 3221 1506 3284 neque

244 3327 316 3368 cum
342 3309 422 3370 scitu
446 3329 505 3371 suo
530 3309 593 3371 filia
618 3330 674 3371 sua
700 3310 807 3386 dedit,
840 3310 917 3370 dum
943 3309 1104 3388 juraverit,
1136 3308 1301 3370 infamiam
1331 3327 1422 3370 suam
1455 3328 1507 3370 ex·

244 3415 403 3494 purgabit,
429 3417 493 3497 ipse
519 3436 595 3477 vero
622 3418 723 3477 Lucas
740 3419 797 3478 erit
822 3432 929 3477 contra
956 3417 1092 3481 eandem
1109 3417 1274 3477 convictus
1299 3415 1329 3476 in
1355 3415 1507 3497 homagio

243 3521 334 3596 vivo;
367 3536 469 3603 partes
501 3524 593 3583 ambe
619 3523 657 3583 de
690 3522 809 3601 judicio
834 3538 983 3583 contente
1008 3538 1091 3584 sunt.

349 3628 453 3690 Causa
480 3630 560 3689 inter
584 3630 790 3690 Valentinum
818 3629 1047 3690 Konthoschak
1073 3644 1104 3690 et
1129 3629 1337 3691 Mathkonem
1364 3628 1507 3708 Pungra·

243 3733 333 3795 chich
359 3735 486 3795 racione
511 3736 712 3796 vendicionis
736 3736 902 3797 cuiusdam
928 3737 1030 3811 bovis,
1063 3756 1159 3816 quem
1190 3737 1256 3817 ipse
1282 3735 1412 3796 Mathko
1437 3754 1507 3816 pre·

242 3836 308 3902 fato
333 3841 505 3903 Valentino
530 3842 569 3902 ad
595 3843 800 3903 mactandum
818 3842 857 3903 ad
884 3861 975 3903 usum
1001 3843 1241 3904 communitatis
1265 3841 1453 3903 vendiderat
1476 3855 1508 3903 et

244 3965 340 4027 quem
367 3961 504 4008 mactare
523 3947 648 4025 lecerat,
666 3963 772 4009 tamen
791 3949 956 4009 audiverat
974 3949 1060 4029 quod
1080 3951 1146 4029 ipse
1165 3951 1222 4009 bos
1244 3967 1308 4008 non
1335 3945 1395 4008 luit
1411 3965 1507 4008 sanus

244 4052 318 4113 ideo
336 4073 446 4114 carnes
470 4053 608 4116 vendere
627 4074 691 4115 nou
717 4055 828 4115 debuit
845 4054 990 4114 timendo
1008 4056 1284 4130 communitatem,
1301 4072 1380 4134 quas
1396 4071 1508 4114 carnes

243 4155 382 4241 prefatus
407 4160 596 4221 Valentinus
620 4161 658 4221 ad
679 4161 811 4221 domum
838 4161 981 4221 eiusdem
1002 4160 1185 4221 blatblrouis
1209 4160 1347 4237 miserat,
1372 4159 1506 4241 ipseque

242 4265 282 4325 ad
308 4285 399 4326 usum
418 4286 511 4327 suum
531 4266 613 4337 lecit,
632 4267 723 4339 iurati
743 4266 1017 4341 adjudicaverunt,
1036 4266 1122 4346 quod
1150 4268 1214 4346 ipse
1241 4265 1373 4327 Mathlro
1389 4285 1407 4326 a
1424 4263 1504 4327 feria

242 4373 337 4433 tercia
356 4373 394 4434 ad
413 4374 726 4453 quintumdecimum
744 4374 829 4435 diem
848 4375 1033 4435 terciusmet
1052 4375 1154 4445 iurare
1172 4374 1312 4451 debebit,
1331 4373 1419 4454 quod
1436 4373 1504 4455 ipse

242 4478 364 4539 nullam
391 4477 607 4540 infirmitatem
633 4481 724 4541 scivit
750 4482 780 4541 in
810 4481 892 4540 bove
925 4480 1058 4561 prefato,
1084 4496 1114 4540 et
1147 4481 1224 4541 dnm
1251 4480 1366 4558 jurabit
1390 4498 1505 4561 expur-

240 4583 329 4663 gabit
353 4582 519 4647 infamiam
544 4606 633 4647 suam
659 4602 689 4648 et
715 4589 882 4667 pecuniam
913 4607 1009 4668 quam
1028 4589 1094 4668 ipse
1120 4588 1309 4648 Valentinus
1332 4587 1363 4649 in
1386 4600 1506 4649 sortem

240 4689 332 4751 bovis
355 4689 488 4753 dederat
504 4690 609 4753 eidem
635 4693 767 4754 reddere
785 4693 918 4767 debeat;
943 4690 1082 4775 prelatus
1100 4694 1232 4755 Matbko
1250 4713 1315 4754 non
1334 4706 1507 4757 contentus

243 4795 284 4857 sd
307 4796 451 4860 seniores
472 4798 655 4881 appellavit.
