3436 5250
234 351 288 393 ιιι
612 325 814 407 Ann01498.
839 363 879 373 -
903 343 955 390 20.
979 330 1092 403 aprilis.

700 539 837 604 Mathias
863 541 991 624 Sporar.

701 649 850 711 Jambrek
874 661 985 712 sartor.

700 756 772 817 Bles
797 755 925 838 Sporar.

698 861 835 925 Michael
860 859 959 923 faber.

697 968 818 1030 Paulek
840 982 939 1031 sutor.

660 1148 662 1152 ἱ
695 1074 841 1137 Andreas
866 1074 1041 1138 Chranecz.

616 1228 619 1234 -
695 1182 769 1243 Bias
792 1194 891 1244 sutor.

698 1287 851 1350 Nicolaus
875 1288 1008 1371 Wyecz.

701 1395 822 1456 Francz
846 1395 986 1476 sellipar.

699 1501 896 1563 Laureucius
922 1501 1094 1584 Kathrych.

701 1608 857 1669 Martinus
882 1609 1011 1688 Sporar.

703 1714 835 1777 Mathko
861 1715 1091 1796 Pongrachich.

700 1822 857 1884 Martinus
880 1822 993 1884 cultor.

701 1928 825 1990 lwanus
849 1941 949 1990 sutor.

275 2160 370 2240 ieria
399 2174 496 2239 sexta
527 2164 678 2255 proxima
706 2173 784 2255 post
811 2167 933 2239 festum
967 2170 1078 2239 sancti
1107 2167 1276 2240 Benedicti
1307 2166 1459 2239 abbatis.

762 2325 826 2397 (23.
850 2319 976 2395 martii),

342 2461 448 2525 Causa
472 2462 554 2523 inter
577 2461 734 2522 Jacobum
758 2460 943 2546 Bekethych
967 2475 998 2522 et
1022 2463 1210 2543 magistrum
1234 2463 1371 2526 Paulum
1395 2464 1500 2527 senio·

235 2588 302 2631 rem
327 2568 467 2649 judicem
492 2581 524 2630 et
547 2568 649 2629 civem
675 2566 811 2629 civitatis
837 2568 1129 2648 Montisgrecensis‚
1162 2583 1307 2650 pretextu
1332 2570 1500 2632 cuiusdam

236 2675 330 2757 equi,
366 2674 451 2737 idem
489 2674 640 2755 magister
677 2672 795 2734 Paulus
830 2673 869 2734 ad
905 2673 1046 2755 primum
1082 2673 1225 2736 futurum
1261 2675 1416 2756 judicium
1453 2697 1500 2737 re·

235 2780 419 2863 spondebit.

342 2887 419 2949 Item
457 2886 639 2969 Stephanus
675 2885 903 2948 Franchewich
936 2887 1035 2949 tercio
1067 2888 1181 2949 citatus
1213 2907 1277 2949 nou
1310 2889 1502 2971 comparuit,

235 2996 376 3077 biraagio
399 2996 484 3077 juxta
511 2994 776 3057 consvetudinem
801 2994 937 3056 civitatis
962 3008 1007 3055 est
1031 3010 1211 3076 agravatus.

341 3102 421 3165 ltem
447 3101 559 3164 Gurko
583 3101 801 3183 carpentarius
832 3116 942 3162 contra
968 3100 1163 3181 Gregorium
1194 3101 1334 3182 juratum
1358 3102 1500 3164 secundo

236 3210 351 3273 citatus
376 3229 441 3271 non
466 3208 657 3291 comparuit.

483 3427 579 3502 Feria
607 3437 706 3501 sexta
735 3435 812 3500 aute
840 3429 963 3499 festum
991 3429 1080 3500 beati
1110 3427 1252 3516 Georgii.

702 3606 705 3611 ·
758 3582 823 3655 (20.
847 3582 977 3655 aprilis).

345 3725 450 3789 Causa
474 3724 556 3785 inter
580 3721 761 3784 carnificem
787 3721 950 3782 Andream
983 3734 1014 3782 et
1038 3720 1232 3803 Gregorium
1258 3720 1419 3782 literatum
1454 3740 1500 3781 ra·

237 3833 332 3894 cioue
354 3830 568 3913 percussionis
591 3829 631 3890 ad
665 3829 805 3911 primum
836 3827 993 3910 judicium
1026 3831 1118 3891 ambe
1144 3841 1248 3910 partes
1280 3828 1501 3889 testimonium

238 3937 416 4021 producere
441 3937 615 3999 debebunt.
638 3939 811 4015 (Deletum).
