3502 5264
245 355 309 398 220
628 337 714 393 Anno
733 347 821 411 1523.
845 369 889 379 —
912 337 961 399 16.
978 338 1129 413 januani.

243 566 300 629 pro
325 546 449 627 reliqua
481 560 568 627 parte
595 544 700 607 media
733 544 831 626 ipsius
863 544 1011 606 bombaci
1039 563 1111 607 curn
1145 545 1214 628 ipso
1238 545 1373 608 Nicolao
1399 544 1503 628 Wyd·

245 652 379 735 kowych
405 652 540 714 domino
565 650 661 713 Gallo
683 669 715 711 se
739 650 908 731 obligaret,
926 665 1064 730 excusat,
1087 652 1311 732 allegabatque
1328 650 1416 733 quod
1432 670 1502 733 pre·

243 759 346 820 dictus
370 758 552 819 ieronimus
584 776 655 818 curn
688 757 783 817 rebus
817 756 940 818 Budam
975 777 1084 818 versus
1116 757 1175 819 iter
1207 757 1295 840 prius
1318 755 1442 820 fecisset
1472 769 1504 818 et

242 864 395 926 dominus
419 863 532 926 Gallus
556 883 615 945 pro
643 864 709 945 ipsa
742 863 944 943 obligacione
978 864 1112 925 retinere
1144 878 1220 925 tunc
1243 863 1403 945 potuisset
1425 882 1502 925 eun·

242 970 327 1049 dem,
352 990 388 1030 ex
413 970 547 1031 adverso
573 968 723 1030 dominus
748 966 861 1029 Gallus
885 967 1011 1030 dicebat
1035 969 1124 1050 quod
1148 969 1216 1051 ipse
1240 969 1422 1030 Jeronitnus
1438 968 1502 1029 sol·

242 1077 337 1137 visset
361 1075 501 1137 mediam
526 1087 648 1157 partem
674 1074 773 1156 ipsius
798 1074 945 1136 bombaci
978 1094 1036 1156 pro
1066 1095 1186 1156 quase
1211 1075 1410 1157 obligaverat
1432 1093 1503 1157 per·

241 1179 397 1260 solvisset,
421 1180 578 1261 reliquam
603 1198 679 1241 vero
703 1193 826 1261 partem
851 1199 946 1261 super
976 1177 1135 1261 prefatum
1168 1179 1358 1244 Michaelem
1384 1178 1501 1262 Opras-

241 1286 325 1370 nych
349 1288 390 1348 ob
415 1287 666 1348 condescensum
691 1304 798 1347 rerum
816 1285 953 1348 condam
972 1286 1099 1348 Nicolai
1118 1285 1345 1370 Wydkowych
1369 1287 1409 1347 ab
1433 1286 1502 1367 ipso

244 1393 380 1454 Michael
407 1391 595 1474 Oprasnych
615 1392 788 1473 repetebat,
812 1391 905 1472 jurati
923 1391 1028 1453 taliter
1046 1391 1281 1472 adjudicarunt,
1304 1406 1339 1453 ut
1363 1389 1503 1471 prelatus

243 1498 378 1560 Michael
405 1497 593 1579 Oprasnych
627 1511 792 1578 expectato
823 1497 1071 1578 quadragesimo
1104 1498 1155 1559 die
1188 1518 1254 1579 quo
1279 1497 1382 1559 dictus
1414 1498 1501 1559 lero·

243 1604 349 1665 nimus
373 1617 525 1665 venturus
549 1604 745 1685 sperabatur,
770 1603 858 1684 quod
883 1604 907 1663 si
926 1603 1065 1665 eundem
1091 1603 1283 1665 Michaelem
1309 1601 1500 1686 Oprasnych

243 1710 283 1770 ab
308 1709 376 1790 ipso
394 1708 504 1770 debito
521 1709 680 1787 liberaret,
698 1712 778 1770 bene
803 1709 947 1790 quidem,
961 1709 1106 1791 alioquin
1131 1709 1345 1791 juramentum
1374 1710 1503 1770 debebit

241 1816 422 1892 deponere;
447 1816 557 1897 elapso
582 1815 720 1876 termino
744 1816 833 1896 quod
857 1816 924 1897 ipss
957 1815 1055 1876 nichil
1081 1835 1186 1877 rerum
1212 1816 1350 1877 condam
1375 1815 1501 1877 Nicolai

241 1918 468 2002 Wydkowych
500 1920 638 2002 privigni
671 1920 719 1981 sui
752 1920 886 1981 omnino
919 1920 1073 2002 (recepit),
1096 1921 1121 1982 si
1154 1935 1261 1983 autem
1286 1919 1501 2001 jurameutum

241 2045 305 2087 non
338 2025 533 2108 deposuerit,
566 2026 700 2087 domino
733 2025 829 2087 Gallo
861 2045 1020 2088 summam
1053 2026 1165 2107 viginti
1198 2026 1266 2089 flor.
1298 2026 1422 2088 solvere
1447 2026 1501 2088 de·

241 2132 348 2206 bebit;
373 2131 488 2192 eodem
514 2132 565 2192 die
583 2130 723 2213 prelatus
747 2131 885 2193 Michael
904 2131 1090 2216 Oprasnych
1116 2132 1156 2193 de
1180 2131 1300 2213 judicio
1324 2131 1500 2213 juratorum

241 2257 305 2299 non
331 2250 500 2298 contentus
524 2238 564 2298 ad
588 2236 744 2319 judicium
768 2238 932 2299 seniorum
958 2237 1101 2318 judicum
1129 2237 1314 2320 appellavit.
