3502 5264
607 1334 738 1433 (Anno
764 1332 922 1420 Domini
947 1330 1134 1429 turm)

644 1676 706 1751 (24.
723 1677 874 1749 januarii.
897 1694 968 1734 ann.
994 1686 1076 1749 1519,
1088 1720 1097 1735 .

801 1829 933 1901 ‘'Selecd'a„
942 1878 950 1892 .

348 1976 467 2036 Notum
494 1976 533 2035 sit
557 1975 710 2034 omnibus
734 1988 896 2055 presentes
927 1974 1042 2033 visuris
1066 1974 1205 2054 qualiter
1227 1994 1288 2035 nos
1311 1972 1509 2059 infrascripti

240 2098 271 2143 et
295 2082 451 2143 nominati
477 2082 586 2141 arbitri
612 2100 698 2141 anno
724 2080 855 2141 Domini
891 2101 982 2158 ¹5¹0·
1006 2076 1085 2140 seria
1102 2080 1242 2141 secunda
1266 2082 1507 2163 proximante

241 2186 355 2251 festum
382 2189 613 2249 Conversionis
637 2188 721 2247 beati
752 2187 842 2247 Pauli
875 2186 1025 2267 apostoli,
1049 2188 1205 2267 preteriti,
1236 2188 1277 2248 de
1301 2188 1447 2249 unanimi
1474 2205 1509 2252 et

241 2297 307 2377 pari
334 2314 446 2355 eorum
473 2295 637 2353 voluntate
663 2295 745 2354 inter
769 2292 968 2353 Bernardum
988 2292 1100 2353 ltalum
1125 2294 1165 2354 de
1190 2291 1346 2355 Camellia
1370 2293 1506 2357 Floren-

241 2402 356 2477 tinum,
381 2399 547 2461 concivem
567 2414 723 2463 nostrum
741 2412 772 2459 et
788 2398 954 2459 dominam
981 2397 1177 2460 Dorotheam
1196 2400 1339 2460 relictam
1364 2400 1505 2463 condam

243 2507 394 2587 Stephani
422 2506 535 2565 literati
561 2506 698 2565 condam
731 2506 879 2565 similiter
911 2506 1054 2565 concivis
1084 2506 1195 2581 nostri,
1226 2506 1355 2567 racione
1378 2520 1411 2567 et
1433 2526 1506 2588 pre·

241 2630 326 2675 textu
352 2612 517 2674 cuiusdam
545 2612 715 2672 filiacionis
737 2632 793 2672 seu
829 2611 1020 2692 adopcionis
1054 2612 1135 2672 inter
1159 2613 1290 2674 eosdem
1315 2612 1404 2694 priua
1426 2632 1505 2675 con·

241 2721 329 2781 tracti
363 2734 392 2779 et
426 2718 546 2779 mutuis
577 2733 644 2778 tum
676 2718 774 2778 debiti
808 2737 864 2798 per
900 2718 1040 2778 eundem
1075 2719 1273 2779 Bernardum
1305 2738 1363 2800 pro
1387 2720 1506 2781 marito

242 2828 324 2888 dicte
349 2826 480 2885 domine
508 2824 669 2885 Dorotlree
693 2824 871 2900 solucione,
892 2838 1027 2904 tumque
1051 2825 1091 2884 ad
1117 2825 1251 2886 eandem
1278 2825 1445 2887 dominam
1470 2826 1504 2887 in

242 2932 467 3013 quinquennio
492 2932 638 3011 expensis
661 2928 752 2991 lactis
775 2946 805 2991 et
830 2929 947 2990 habitis
978 2932 1076 2991 talem
1101 2932 1319 2992 arbitratisam
1344 2932 1503 2993 delibera·

242 3040 367 3099 cionem
394 3036 574 3100 fecerimus.

349 3144 424 3205 ltem
451 3144 566 3224 primo,
593 3164 641 3203 res
666 3163 720 3224 per
746 3142 900 3223 prefatam
927 3142 1092 3204 dominam
1124 3144 1319 3205 Dorotheum
1344 3144 1503 3225 assignate

242 3252 280 3311 ad
307 3272 420 3311 nranus
445 3251 591 3331 prelibati
621 3250 770 3310 llernardi
798 3251 837 3309 de
867 3270 1025 3310 consensu
1057 3266 1086 3310 et
1113 3252 1314 3332 beneplacito
1338 3251 1422 3312 dicte
1444 3252 1502 3313 do·

243 3358 328 3419 mine
348 3356 509 3416 llnrotlree
527 3371 556 3416 et
582 3371 683 3415 taxare
702 3371 733 3416 et
749 3356 926 3416 existimate
944 3354 1072 3418 luerunt
1090 3358 1120 3416 in
1139 3357 1247 3418 valore
1272 3356 1340 3418 flor.
1358 3358 1502 3440 quinque

243 3480 272 3525 et
296 3462 474 3521 solidorum
499 3462 661 3541 sexaginta
686 3462 834 3524 duorum.

350 3570 395 3630 lle
421 3570 494 3629 lrinc
519 3588 700 3649 processum
727 3584 773 3629 est
798 3569 836 3629 ad
863 3570 1025 3631 racionem
1061 3570 1239 3631 faciendam
1264 3586 1294 3631 et
1318 3570 1502 3652 ponendam

243 3678 281 3737 de
307 3677 433 3753 debitis,
460 3696 522 3755 que
540 3676 646 3735 debita
672 3674 813 3757 prelatus
833 3676 1012 3737 llernordus
1031 3678 1062 3737 in
1079 3693 1197 3738 sortem
1223 3693 1252 3738 et
1276 3678 1316 3739 ad
1341 3679 1503 3741 racionem

243 3784 363 3867 prelata
388 3783 519 3843 domine
547 3782 708 3842 l)orothee
734 3783 899 3864 persolvit,
931 3804 1069 3865 quorum
1095 3805 1219 3846 summa
1245 3787 1283 3846 de
1309 3786 1504 3847 admissione

243 3892 326 3951 dicte
350 3890 482 3951 domine
508 3902 554 3949 est
571 3905 733 3970 comperta
752 3890 820 3950 llor.
840 3890 1050 3970 quadraginta
1080 3906 1214 3972 septem,
1240 3893 1278 3953 de
1304 3913 1369 3974 quo
1393 3894 1504 3955 debito

243 3998 331 4058 totali
351 3996 462 4078 prelati
483 3997 633 4057 llernardi
660 3994 806 4058 defalcati
832 4012 905 4057 sunt
923 3997 969 4058 illi
995 3996 1064 4062 flor.
1088 4000 1232 4080 quinque
1250 4016 1280 4061 et
1304 4000 1398 4061 solidi
1416 4020 1501 4062 sexa·

242 4106 329 4181 ginta
354 4104 430 4180 duo,
455 4122 538 4184 quos
563 4102 647 4163 idem
673 4103 832 4164 asserebat
856 4102 896 4162 ad
921 4103 1039 4164 dictam
1069 4104 1235 4166 dominam
1261 4107 1449 4188 percepisse,
1474 4120 1506 4169 et

243 4211 287 4271 sic
312 4210 372 4271 hiis
396 4210 512 4271 habitis
544 4222 638 4269 restat
671 4210 790 4289 prelata
823 4208 955 4269 domina
989 4210 1019 4269 in
1052 4210 1163 4272 debito
1198 4212 1266 4275 llor.
1291 4214 1504 4295 quadraginta

245 4318 338 4377 utrius
362 4331 391 4377 et
417 4316 595 4375 solidorum
622 4314 750 4393 triginta
776 4329 860 4376 octo,

351 4422 504 4483 llltimnte
530 4422 642 4501 partim
669 4420 827 4502 peticione
852 4420 957 4482 habita
984 4422 1098 4503 partim
1124 4443 1179 4503 per
1211 4443 1270 4485 nos
1293 4426 1429 4486 arbitros
1453 4444 1503 4487 ex·

245 4548 341 4609 pense
369 4528 399 4587 in
415 4528 640 4609 quinquennio
657 4526 825 4601 calculare,
843 4542 1005 4609 comperte
1025 4544 1055 4589 et
1068 4530 1239 4591 adinvente
1257 4546 1330 4592 sunt
1354 4547 1383 4593 et
1402 4532 1503 4593 deter-

245 4634 363 4695 minate
382 4635 412 4694 in
439 4634 509 4696 llor.
529 4634 691 4710 undecim,
704 4648 734 4695 et
750 4632 795 4693 sic
814 4634 926 4715 positia
940 4634 1058 4695 debitis
1074 4649 1105 4697 et
1122 4636 1269 4719 expensis
1284 4638 1401 4718 pariter
1417 4657 1504 4700 com·

244 4754 331 4823 perta
345 4754 391 4801 eat
405 4740 524 4823 prelata
543 4739 676 4801 domina
694 4739 725 4799 in
743 4752 811 4802 toto
828 4738 964 4802 debitrix
983 4740 1014 4802 in
1030 4740 1098 4805 flor.
1115 4742 1349 4825 quinquaginta
1366 4742 1503 4808 duobus.
