3502 5264
600 363 686 421 Anno
708 360 802 440 1496.
827 396 870 406 —
894 377 943 424 10.
966 363 1138 438 septembris.
1445 384 1502 444 115

242 573 315 637 latis
339 575 469 638 Thome
494 589 525 637 et
544 574 715 637 Francisco
732 575 783 636 vel
800 595 833 636 se
851 573 1056 638 defendendo
1078 589 1188 637 contra
1205 575 1336 638 eosdem
1354 596 1508 658 apparere

243 681 393 757 debeant,
407 701 444 743 ex
458 700 523 762 quo
537 680 635 743 iidem
645 681 752 742 literas
769 695 875 742 nostre
893 681 1132 743 communitatis
1145 681 1360 764 privilegiales
1376 681 1507 743 aviticas

242 788 457 848 ostendebant
480 806 616 867 quarum
642 788 752 868 vigore
777 787 986 850 intendebant
1002 807 1160 869 occupare
1184 788 1346 869 quandam
1372 789 1507 850 domum

241 911 298 953 seu
322 892 482 974 palacium
506 912 606 975 penes
630 907 755 974 portam
784 893 944 975 lapideam
970 908 1001 955 et
1033 893 1095 955 alia
1120 894 1268 956 universa
1293 896 1377 955 bona
1403 895 1507 955 inmo·

242 998 319 1060 bilia
345 998 495 1060 videlicet
511 1013 621 1077 terras,
639 999 759 1077 vineas,
774 1000 869 1061 silvas
886 1014 916 1061 et
934 998 1054 1078 senilia,
1072 1020 1151 1081 quas
1173 1013 1203 1060 et
1220 1019 1283 1080 que
1309 1002 1393 1061 bona
1410 1019 1509 1081 penes

242 1104 351 1166 literas
374 1104 498 1166 domini
524 1105 623 1167 nostri
657 1105 747 1167 ducis
779 1107 926 1188 superius
956 1107 1088 1167 insertas
1120 1107 1300 1189 occupavit,
1332 1105 1508 1167 nonenim

242 1224 289 1271 est
313 1210 554 1272 consverudinis
579 1227 685 1273 nostre
710 1213 896 1294 quempiam
922 1213 953 1274 in
979 1214 1063 1273 bona
1088 1213 1202 1273 avitica
1227 1213 1430 1273 introducere
1454 1225 1509 1273 aut

241 1329 390 1378 statuere.
426 1317 494 1378 Nos
526 1318 622 1397 igitur
654 1320 861 1379 observantes
896 1318 1161 1380 consuetudinem
1202 1333 1344 1379 nostram
1377 1317 1507 1378 eosdem

243 1420 407 1483 Thomam
433 1438 464 1484 et
488 1422 695 1484 Frauciscum
729 1425 863 1485 minime
895 1424 1064 1486 statuimus
1088 1424 1127 1485 ad
1153 1426 1236 1485 bona
1261 1423 1375 1485 avitica
1399 1442 1508 1504 supra·

243 1528 338 1591 dicta.
362 1529 512 1590 Tandem
539 1549 614 1591 vero
638 1530 762 1613 expleta
795 1531 877 1592 trina
903 1529 1022 1592 sorensi
1055 1530 1313 1612 proclamacione
1345 1530 1423 1590 dum
1449 1548 1508 1590 nos

242 1633 338 1715 judex
364 1636 485 1696 eisdem
509 1637 684 1698 terminum
721 1636 891 1716 juridicum
925 1636 1169 1719 prefixissemus,
1202 1636 1388 1697 nominibus
1412 1649 1443 1697 et
1475 1635 1507 1696 in

243 1742 398 1824 personis,
424 1743 557 1803 veniens
581 1759 768 1825 procurator
792 1743 942 1805 videlicet
976 1743 1138 1804 Fabianus
1169 1740 1298 1822 pellifex
1322 1741 1400 1803 alias
1431 1761 1506 1803 con·

243 1847 321 1908 civis
346 1861 464 1925 noster,
489 1848 643 1910 heredum
669 1848 783 1931 prefati
810 1850 989 1911 Domkonis
1013 1849 1162 1912 videlicet
1187 1853 1280 1910 Anne
1305 1847 1367 1909 filie
1392 1846 1508 1910 Domi-

244 1954 318 2032 nici‚
344 1952 505 2017 Gabrielis
529 1970 560 2018 et
584 1954 736 2036 Gasparis
760 1955 901 2018 filiorum
937 1957 1013 2019 dicti
1038 1956 1219 2018 Domlronis
1243 1956 1275 2016 in
1300 1956 1375 2017 sede
1400 1970 1507 2018 nostra

244 2059 412 2140 judiciaria
437 2062 565 2143 publice
591 2077 621 2124 et
646 2061 813 2124 manifeste
843 2064 1035 2124 contradixit
1066 2077 1097 2124 et
1122 2063 1261 2124 inhibuit
1284 2081 1391 2123 coram
1415 2062 1509 2124 nobis

244 2168 285 2227 ab
309 2168 526 2248 occupatione
551 2181 582 2229 et
605 2188 637 2229 se
663 2168 901 2230 intromissione
933 2168 1151 2250 predictorum
1177 2171 1336 2230 bonorum
1370 2168 1508 2229 inmobi-

245 2272 336 2350 lium‚
362 2273 482 2352 dicens,
506 2288 690 2356 temporum
711 2275 741 2335 in
761 2295 912 2356 processu
935 2295 1009 2336 cum
1026 2274 1175 2358 sepefatis
1199 2274 1328 2336 Thoma
1353 2288 1385 2336 et
1408 2274 1432 2335 F
1436 2292 1507 2335 ran·

244 2377 328 2440 cisco
351 2379 391 2439 de
424 2381 587 2460 premissis
611 2380 679 2460 jure
712 2381 859 2462 experiri,
892 2381 980 2462 quod
1014 2400 1073 2442 nos
1105 2382 1225 2443 eisdem
1259 2380 1419 2461 denegare
1443 2399 1508 2442 non

245 2485 406 2564 volumus,
430 2487 508 2566 quin
540 2486 653 2569 pocius
684 2490 727 2548 ob
759 2487 1053 2549 contradiccionem
1078 2489 1266 2570 premissam
1298 2487 1347 2568 jus
1370 2487 1395 2547 si
1420 2486 1507 2568 quod

245 2589 400 2652 haberent
424 2591 455 2652 in
480 2592 672 2674 supradictis
704 2593 798 2654 bonis
829 2593 1042 2655 inmobilibus
1074 2594 1195 2655 eisdem
1220 2592 1510 2656 contradictoribus

245 2712 440 2759 reservatum
464 2699 576 2761 extitit.
