3502 5264
241 335 306 396 254
796 319 945 381 Addcnda.

241 530 406 591 cuiusdam
439 529 591 608 diffamie,
624 530 760 611 qualiter
792 530 874 590 dicta
909 530 1009 591 Elena
1042 528 1162 611 prefate
1187 528 1363 591 Katberine
1395 545 1509 589 coram

240 637 375 697 testibus
399 637 478 697 inibi
504 637 684 698 constitutis
715 636 862 697 dixisset:
896 655 993 717 quate
1019 636 1150 697 minaris
1175 635 1265 713 mihi,
1289 632 1449 716 numquid
1475 646 1507 694 et

242 743 318 804 mihi
345 743 386 803 ita
412 743 459 803 vis
490 742 565 804 dare
597 757 711 825 potum
743 742 835 804 sicuti
868 744 954 804 Luce
987 742 1103 804 marito
1127 762 1211 806 meo.
1245 740 1396 803 Tandem
1420 739 1507 801 dicta

243 850 418 911 Katherina
444 871 480 911 ex
506 851 640 912 adverso
658 850 763 912 eidem
788 850 884 913 dixit:
910 851 1056 912 mentiris
1071 865 1117 928 tu,
1134 865 1242 912 tamen
1266 865 1301 912 tu
1325 849 1393 911 sola
1410 860 1510 930 prout

241 956 319 1017 mihi
345 957 451 1017 dixisti
478 958 508 1016 in
535 956 633 1017 domo
658 971 722 1034 tua,
747 957 839 1018 sicuti
870 956 1028 1018 Busanich
1061 957 1158 1032 dixit;
1183 955 1307 1018 domini
1331 954 1426 1036 jurati
1450 951 1508 1014 ad·

242 1060 434 1139 iudicarunt,
468 1062 556 1143 quod
580 1061 701 1143 prefata
731 1063 832 1124 Elena
857 1063 971 1123 debeat
998 1063 1038 1123 ad
1070 1064 1211 1145 primum
1235 1061 1392 1143 judicium
1423 1059 1509 1120 dicte

244 1168 418 1230 Katherine
444 1168 504 1229 hoc
522 1170 744 1249 comprobare,
769 1169 900 1249 quodsi
919 1170 1089 1250 nequierit,
1113 1184 1228 1232 extunc
1252 1167 1338 1229 idem
1364 1164 1510 1228 manebit

242 1276 272 1336 in
299 1276 373 1336 viso
407 1274 578 1355 homagio;
610 1275 739 1335 tandem
773 1275 947 1336 Katherina
981 1276 1096 1336 eodem
1129 1276 1229 1336 modo
1260 1273 1391 1335 debebit
1423 1271 1511 1333 dicte

243 1382 344 1443 Elene
368 1380 516 1441 similiter
540 1382 729 1463 approbare,
747 1382 772 1441 si
791 1382 962 1462 nequierit,
983 1396 1098 1442 extunc
1111 1380 1255 1442 manebit
1279 1379 1365 1439 idem
1382 1377 1414 1438 in
1432 1376 1509 1437 vivo

242 1487 414 1567 homagio;
438 1487 601 1548 sentencia
625 1507 702 1547 xero
727 1488 758 1548 in
784 1502 948 1568 posterum
974 1488 1098 1549 dicetur
1121 1487 1177 1547 eis.

347 1610 462 1671 Testes
475 1610 621 1691 producti
637 1630 695 1692 pro
705 1626 793 1692 parte
805 1612 905 1672 Elene
922 1612 1030 1673 uxoris
1041 1610 1173 1692 Georgii
1187 1608 1361 1671 carnificis:
1379 1608 1506 1670 Primus

243 1716 333 1777 testis
356 1715 540 1776 Anthonius
563 1715 693 1797 sellipar
710 1715 810 1778 lassus
830 1732 876 1777 est
900 1718 1037 1798 qualiter
1064 1737 1080 1778 a
1104 1718 1189 1778 Luca
1221 1714 1359 1777 condam
1385 1715 1503 1776 marito

242 1819 363 1903 prefate
382 1820 493 1895 Elene,
519 1822 550 1882 in
576 1822 712 1882 articulo
728 1842 787 1883 suo
812 1822 902 1899 dixit,
919 1823 1088 1904 quomodo
1108 1823 1219 1903 aliquo
1235 1838 1382 1903 ternpore
1399 1819 1512 1882 luisset

244 1928 275 1987 in
301 1927 400 1987 domo
425 1927 500 1987 dicti
527 1926 675 2007 Gregorii
702 1948 775 1989 cum
793 1929 864 1989 aliis
886 1930 1089 2005 constitutus,
1114 1930 1158 1990 ibi
1176 1928 1342 2010 quoddam
1367 1942 1511 1989 mustum

242 2033 384 2107 bibisset,
409 2048 440 2094 er
473 2048 544 2114 post
576 2034 663 2094 illam
698 2035 808 2095 horam
841 2036 924 2117 cepit
956 2034 1120 2097 infirmari.
1151 2070 1196 2080 —
1228 2033 1397 2096 Secundus
1420 2032 1512 2096 testis

243 2138 483 2222 Melinos-years
509 2154 632 2215 vocata,
656 2137 736 2201 lassa
761 2155 818 2209 est,
843 2142 980 2221 qualiter
1003 2141 1127 2203 adicto
1152 2141 1239 2202 Luca
1263 2139 1449 2218 audivisset,
1475 2154 1512 2201 ut

242 2245 327 2305 idern
350 2245 492 2317 dixisset,
516 2265 549 2305 se
574 2246 749 2325 aliquando
767 2248 875 2307 bibere
893 2267 966 2307 cum
983 2247 1054 2307 aliis
1071 2247 1231 2308 consociis
1248 2246 1278 2307 in
1305 2246 1405 2307 domo
1430 2245 1510 2306 dicti

242 2350 404 2431 Gregorii,
430 2351 471 2411 ibi
505 2368 674 2431 postquam
709 2353 840 2413 bibisset
872 2372 945 2413 mox
982 2354 1066 2434 cepit
1098 2352 1237 2413 eundem
1272 2351 1443 2413 corrodere
1476 2351 1511 2412 in

242 2472 352 2517 ventre
384 2472 414 2517 et
447 2457 544 2518 exivit
576 2478 592 2516 e
628 2458 728 2518 domo
760 2473 789 2518 et
820 2461 904 2540 cepit
939 2460 1096 2521 vomitare
1130 2472 1162 2520 et
1184 2459 1307 2521 evomit
1343 2457 1510 2539 quandam

243 2563 455 2643 quantitatem
480 2562 520 2623 de
544 2582 668 2623 cruore.
692 2598 735 2607 —
763 2564 899 2624 'setrius
930 2565 1018 2625 testis
1043 2564 1227 2626 ⁴lnthonius
1258 2577 1361 2625 sartor
1385 2563 1510 2641 juratus

243 2666 344 2728 lassus
368 2682 425 2743 est,
450 2668 537 2748 quod
563 2668 740 2749 aliquando
765 2668 874 2731 luisset
906 2672 1098 2732 constitutus
1129 2691 1203 2732 cum
1228 2669 1397 2732 Anthonio
1421 2669 1511 2731 selli-

243 2793 322 2854 paro
348 2774 379 2833 in
405 2774 505 2834 durno
539 2774 614 2836 dicti
650 2775 746 2849 luce,
778 2791 853 2835 tunc
885 2775 1027 2857 prelatus
1058 2776 1243 2838 Anthonius
1274 2776 1360 2857 cepit
1384 2775 1510 2836 dictum

245 2879 364 2940 Lucam
383 2880 580 2959 interrogare
599 2880 638 2939 de
656 2900 798 2960 quonam
816 2896 985 2962 egrotaret,
1002 2898 1078 2943 tunc
1095 2883 1200 2944 dictus
1217 2882 1320 2943 Lucas
1332 2880 1513 2963 respondit,

243 3000 414 3067 postquam
438 2985 537 3046 semel
555 2987 586 3046 in
612 2987 712 3047 domo
734 2988 810 3047 dicti
829 2987 978 3069 Gregorii
995 2989 1162 3069 quoddam
1179 3003 1322 3050 mustum
1340 2987 1419 3065 bibi,
1435 3001 1512 3069 post

243 3091 331 3152 illarn
357 3090 470 3151 horam
495 3092 564 3173 cepi
589 3093 738 3173 egrotari.

848 3303 903 3370 et.

351 3462 442 3522 Feria
468 3478 553 3524 sexta
579 3464 724 3543 proxima
743 3466 870 3544 posted
889 3466 1024 3525 vincula
1044 3466 1138 3528 Petri.
1165 3466 1297 3527 Domini
1315 3467 1409 3549 jurati
1427 3466 1514 3529 inter

245 3568 419 3627 Matrinum
446 3569 656 3647 presbiterum
682 3568 784 3629 tilium
811 3571 947 3630 condam
979 3571 1140 3631 Dorothee
1167 3572 1278 3654 Dorica
1304 3587 1340 3635 ut
1362 3592 1454 3634 reum
1480 3588 1515 3635 et

244 3674 411 3733 honestant
438 3674 606 3734 aridiorem
641 3680 767 3735 Auriana
802 3676 876 3736 liela
911 3692 944 3737 ut
968 3692 1121 3743 actorem.
1146 3679 1177 3738 in
1209 3698 1305 3740 causa
1336 3692 1514 3740 testamen·

244 3778 334 3843 tatia,
359 3778 447 3856 quod
481 3792 707 3839 testamentum
743 3801 818 3839 sero
851 3782 933 3841 dictu
968 3782 1129 3843 Dorurltea
1161 3785 1280 3845 dicitur
1310 3782 1435 3861 fecisse,
1466 3787 1515 3847 sic

244 3882 466 3947 decreverunt,
492 3897 524 3941 ut
550 3883 701 3943 dontirrus
719 3885 875 3945 ,llrrtiuns
896 3890 1051 3967 presbiter
1069 3888 1154 3948 tilius
1177 3890 1320 3971 predicte
1344 3889 1515 3954 Dorothee

246 3986 357 4067 linyka
383 4002 529 4047 terreatur
553 3986 673 4068 prefate
706 3995 796 4050 lone
830 3993 900 4051 bela
934 3993 1018 4057 iusta
1042 4009 1269 4057 testamentum
1300 4012 1334 4058 et
1364 3996 1514 4059 testimo·

244 4094 335 4153 nium
355 4092 482 4152 verbale
501 4092 618 4153 t‘sctunt
637 4096 804 4155 dimidiant
823 4114 944 4177 partem
963 4099 1080 4158 doinus
1096 4116 1126 4159 et
1149 4100 1376 4163 clenodiorum
1391 4103 1516 4167 domus

245 4199 321 4258 dare
345 4217 381 4256 ac
405 4199 545 4258 tttuicarn
580 4200 741 4259 versunam
775 4203 905 4262 reddere
937 4205 985 4262 rel
1019 4205 1160 4265 valorem
1185 4207 1265 4277 eius,
1289 4207 1439 4289 lardique
1462 4210 1513 4271 di·

246 4302 380 4361 midiant
406 4318 547 4381 partem:
573 4304 679 4363 debita
706 4325 792 4371 reru,
809 4326 871 4385 que
895 4324 967 4368 ante
985 4310 1198 4389 etdupeionem
1217 4318 1310 4373 :inne
1334 4314 1407 4375 bela
1424 4314 1514 4378 dicta

247 4406 410 4468 lloruthes
444 4424 617 4487 acceperat.
652 4412 797 4469 sirieliee:
833 4414 914 4471 duos
948 4413 1027 4479 tior..
1059 4431 1204 4476 teneatur
1235 4419 1324 4479 solus
1355 4418 1517 4482 dominus

247 4514 404 4575 Martinus
428 4514 565 4581 solvere,
589 4514 734 4575 debiturn
759 4537 835 4575 seru
861 4519 954 4578 tinius
979 4518 1046 4579 rior.
1081 4538 1110 4581 er
1135 4523 1265 4601 triginta
1288 4524 1517 4605 denariorum,

244 4636 310 4681 tarn
343 4619 497 4679 cleotinus
528 4638 624 4700 quant
655 4622 738 4681 elicta
772 4627 863 4683 ‚lana
895 4639 1064 4685 teneantur
1094 4628 1269 4697 exsolvere,
1292 4644 1325 4693 et
1347 4630 1412 4693 boc
1434 4631 1516 4695 ideo

245 4726 321 4807 quia
346 4724 430 4785 dicta
455 4730 549 4785 :lurra
574 4725 605 4785 iu
630 4726 713 4787 dicta
739 4728 873 4807 pecturis
898 4744 1019 4810 partein
1045 4730 1216 4796 habuisset.
