3502 5264
262 340 317 403 172
630 328 714 382 Anno
737 336 826 401 1507.
852 359 891 368 —
914 339 947 401 9.
971 327 1139 386 novembris.

257 533 413 596 Schitatio
437 536 596 617 requirat;
622 536 661 597 de
679 536 748 597 aliis
765 552 871 598 autem
895 538 1161 618 possessionibus,
1174 538 1287 616 vineis,
1311 539 1411 614 terris,
1437 535 1521 600 feni-

255 641 349 719 libus,
372 641 461 702 silvis
485 662 521 702 uc
544 645 615 703 aitis
639 644 677 702 ad
704 643 831 704 easdem
857 645 1074 726 possessiones
1100 644 1341 726 pertinentibus,
1365 645 1420 706 ubi
1443 644 1520 705 dicit

256 763 443 827 procurator
468 748 587 828 egregii
614 749 751 809 Emerici
778 748 906 810 Therek
935 750 974 810 ad
1000 750 1099 812 dictas
1123 750 1339 832 possessiones
1363 764 1447 813 certa
1464 771 1517 811 ex-

254 853 408 934 posuisse,
434 854 493 914 hoc
519 857 618 915 eciam
643 854 748 915 taliter
773 856 1009 934 adinvenimus,
1030 857 1054 917 si
1080 854 1220 939 prefatus
1244 855 1395 918 dominus
1420 857 1516 918 Eme·

253 959 337 1019 ricus
362 958 492 1021 Therek
517 959 640 1041 aliquid
658 962 816 1043 exposuit,
830 960 966 1024 fructum
985 977 1015 1024 et
1039 963 1209 1024 utilitatem
1231 962 1423 1046 prefatorum
1441 981 1514 1045 pos·

253 1066 433 1127 sessionum
465 1063 659 1127 sufficienter
690 1088 727 1127 ex
760 1067 824 1128 illis
856 1068 976 1130 habuit.
1008 1104 1052 1113 —
1084 1066 1226 1132 Prefatus
1256 1089 1332 1131 vero
1363 1069 1516 1130 dominus

253 1171 369 1233 Sowan
396 1188 583 1254 procurator
608 1175 726 1254 egregii
752 1175 874 1234 domini
902 1175 1040 1236 Emerici
1059 1174 1187 1236 Therek
1212 1196 1307 1257 super
1330 1174 1451 1254 judicio
1468 1193 1517 1236 se-

253 1277 380 1338 niorum
407 1298 472 1339 non
497 1293 668 1340 contentus
692 1279 747 1340 sed
764 1281 897 1341 totalem
922 1300 1049 1341 causam
1068 1280 1243 1362 appellavit
1266 1282 1304 1343 ad
1331 1280 1518 1361 magistrum

254 1383 533 1459 thavernicorum;
575 1384 737 1445 Johannes
776 1406 853 1446 vero
886 1387 1041 1447 Saronich
1073 1406 1170 1469 super
1201 1386 1320 1467 judicio
1353 1385 1517 1447 seniorum

252 1488 395 1567 judicum
422 1491 453 1551 in
478 1491 630 1551 omnibus
655 1493 798 1571 partibus
822 1507 868 1552 est
892 1507 1073 1569 contentus,
1089 1493 1195 1553 solum
1221 1512 1316 1574 super
1339 1490 1517 1575 esposicio-

251 1615 324 1658 nem
351 1595 467 1658 domus
491 1597 665 1679 appellavit
689 1598 728 1658 ad
754 1599 942 1679 magistrum
967 1600 1237 1661 thavernicorum.

278 1834 373 1907 Feria
403 1847 500 1907 sexta
529 1828 681 1925 proxima
719 1845 794 1925 post
823 1836 945 1908 iestum
978 1835 1170 1908 beatissime
1200 1837 1304 1908 iiatie
1331 1839 1371 1908 de
1400 1836 1490 1911 Nive.

778 1985 824 2064 (6.
848 1989 989 2063 augutu).

356 2128 496 2189 Jacobus
520 2128 598 2188 alias
629 2127 771 2188 decanus
801 2127 944 2188 secundo
976 2128 1089 2188 citatus
1113 2129 1154 2190 ad
1187 2130 1376 2191 instanciam
1403 2128 1515 2190 Jacobi

248 2235 384 2296 senioris
409 2234 524 2309 judicis
547 2253 612 2294 non
638 2235 828 2315 comparuit.

356 2341 493 2401 Michaei
519 2339 658 2421 irenipar
676 2339 716 2400 ad
734 2339 921 2403 instanciam
940 2342 1102 2403 Valentini
1130 2341 1260 2403 Bednak
1278 2343 1383 2424 primo
1400 2342 1516 2403 citatus

248 2466 312 2507 non
338 2447 528 2528 comparuit.

353 2553 494 2612 Jacobus
517 2552 596 2612 alias
620 2551 760 2612 decanus
783 2551 822 2611 ad
859 2552 1048 2613 instanciam
1074 2553 1226 2613 Sinkonis
1258 2553 1375 2614 literati
1407 2554 1516 2633 ptimo

247 2657 361 2716 citatus
385 2675 450 2717 non
475 2658 667 2739 comparuit.

353 2763 482 2846 iiathey
508 2763 628 2836 juratus
644 2763 683 2822 de
705 2763 777 2822 vico
793 2775 938 2823 sutorum
956 2762 996 2822 ad
1015 2763 1202 2823 instanciam
1221 2763 1351 2824 Andree
1368 2763 1514 2824 Kowach

244 2869 388 2929 secundo
412 2870 527 2929 citatus
551 2889 616 2929 uon
641 2869 832 2949 comparuit.

355 2974 466 3035 Petrus
490 2972 629 3035 carnifex
654 2973 693 3033 ad
719 2973 908 3033 instanciam
935 2973 1053 3034 Mathei
1078 2973 1246 3055 freuiparis
1268 2976 1374 3055 primo
1398 2976 1516 3036 citatus

249 3098 315 3140 uon
341 3081 531 3162 comparuit.

308 3309 403 3386 feria
432 3319 538 3386 tercia
569 3318 725 3404 proxima
754 3327 834 3386 ante
863 3315 985 3385 festum
1014 3316 1103 3384 beati
1133 3316 1270 3386 iiartini
1298 3316 1457 3406 episcopi.

764 3483 796 3539 9.
820 3469 1002 3525 mmbn's'.

354 3610 497 3668 Racione
522 3608 688 3668 cuiusdam
714 3607 845 3668 iut'amie
876 3623 906 3666 et
931 3606 1005 3666 t‘urti
1030 3608 1112 3665 inter
1136 3607 1313 3669 Sinkonem
1344 3611 1510 3674 literatum

246 3731 277 3776 et
308 3716 464 3775 Jacobum
490 3715 568 3773 alias
599 3715 768 3785 decanum,
801 3715 855 3773 ubi
888 3713 991 3772 dictus
1015 3714 1153 3773 Jacobus
1177 3716 1264 3792 ptius
1287 3716 1410 3777 dictum
1435 3718 1509 3779 Siu-

245 3824 364 3881 kouem
400 3821 529 3879 racione
565 3820 749 3878 huiusmodi
785 3818 858 3878 t’urti
892 3819 1022 3879 iuridice
1066 3820 1256 3878 <sas-{acere
1288 3840 1353 3880 non
1389 3826 1508 3903 potuit,

243 3928 300 3986 sed
323 3947 356 3986 se
381 3927 485 3985 aicius
510 3925 611 3985 Sinko
635 3925 675 3983 de
707 3923 892 3983 huiusmodi
926 3922 1010 3982 t‘urto
1034 3944 1067 3982 se
1091 3928 1288 4002 expurgavit.
1320 3928 1414 3989 funii
1447 3933 1503 3990 ad.

244 4033 438 4097 iudicarunt.
462 4032 549 4109 quoa
576 4030 661 4088 :dem
695 4030 832 4088 iscotus
863 4029 1028 4086 convictus
1059 4044 1104 4087 es:
1129 4047 1238 4089 contra
1272 4032 1451 4096 §inionem
1474 4038 1507 4098 in

244 4139 319 4196 sis-o
344 4137 514 4213 homagio:
541 4137 593 4194 ubi
620 4135 724 4194 dictus
752 4134 889 4192 jacobus
920 4133 959 4191 de
985 4133 1104 4191 *udicio
1139 4150 1313 4195 *craterum
1339 4158 1405 4198 :toa
1429 4160 1509 4201 cou-

244 4259 351 4302 tentus
375 4240 548 4320 appella-ti:
573 4240 613 4298 ae'
636 4242 778 4298 seniores
806 4239 935 4297 iudices.

350 4347 473 4407 [odem
507 4347 558 4403 eie
591 4365 684 4404 causa
719 4347 800 4403 {ater
836 4342 1012 4421 Georgium
1047 4346 1280 4420 :aspexeram
1306 4365 1336 4407 e:
1360 4350 1507 4416 i'irimm

243 4452 415 4531 lapicidam
441 4452 569 4509 :acione
602 4467 632 4509 e:
663 4466 809 4529 pretextu
841 4467 1054 4527 &remonte
1082 4462 1113 4504 e:
1139 4467 1237 4525 :sq-ca
1268 4453 1308 4509 aa
1339 4461 1509 4536 seq-uinis

242 4558 434 4621 effusionem
459 4575 515 4636 per
546 4555 706 4633 prefatam
738 4556 880 4614 ilncum
915 4555 946 4611 {n
978 4551 1154 4629 Georgium
1184 4569 1214 4612 e:
1246 4575 1315 4615 etas
1345 4558 1506 4627 &muium

242 4661 338 4731 facte.
370 4663 461 4723 iuni-f
494 4661 732 4723 effluentum.
762 4659 849 4738 quoi
883 4659 986 4716 3³:2³
1018 4656 1144 4715 izv-[sss
1174 4656 1311 4720 {avices
1334 4665 1367 4723 iu
1391 4666 1506 4731 ἂκρα

243 4771 354 4855 pensis
375 4784 506 4831 monete
530 4768 731 4828 missum
755 4764 880 4847 prefato
896 4761 1039 4841 Georgo
1063 4778 1162 4841 quatu
1186 4781 1287 4825 esaum
1304 4766 1509 4838 &nubam
