3502 5264
641 278 727 334 Anno
751 276 844 353 1496.
869 308 910 317 —
934 267 965 336 8.
993 270 1108 333 martir.

811 487 908 548 lwan.

814 594 949 656 Blasius.

816 701 953 762 iwanus.

816 806 1002 888 Gregorius.

817 914 939 975 Petrus.

817 1020 972 1082 Andreas.

818 1126 984 1188 Martinus.

816 1233 900 1293 Blas.

813 1337 959 1400 Mathias.

816 1444 1013 1505 Franciscus.

817 1550 973 1613 Matheus.

817 1656 1004 1737 Gregorius.

816 1765 951 1825 Blasius.

815 1868 959 1931 Mathko.

427 2164 525 2237 Feria
555 2163 661 2237 tercia
689 2162 843 2251 proxima
873 2171 949 2250 post
978 2161 1177 2234 dominicam
1207 2159 1312 2234 Oculi.

779 2331 824 2408 (8.
848 2336 970 2409 nrartr'r').

350 2495 455 2558 Causa
481 2496 562 2555 inter
586 2494 757 2554 discretum
780 2493 949 2554 dominum
976 2493 1146 2554 Nicolaum
1165 2493 1376 2575 presbiterum
1403 2491 1509 2553 Simo-

244 2602 326 2686 nych
352 2603 486 2678 dictum,
511 2602 550 2661 ab
575 2620 649 2677 una,
674 2613 704 2661 et
730 2600 853 2661 Malech
879 2615 1020 2660 sutorem
1044 2602 1084 2660 ab
1114 2601 1223 2677 altera,
1250 2600 1377 2660 racione
1402 2599 1509 2659 cuius·

244 2710 318 2771 dam
343 2711 446 2785 vinee,
472 2728 568 2789 quam
595 2708 661 2788 ipse
695 2707 849 2788 presbiter
872 2707 1023 2767 Nicolaus
1055 2709 1213 2768 asserebat
1244 2726 1346 2784 suam,
1383 2704 1507 2767 Malech

243 2835 319 2878 vero
344 2836 380 2877 ex
406 2815 539 2876 adverso
565 2813 740 2895 respondit,
765 2813 851 2894 quod
879 2814 979 2894 ipsam
1006 2814 1132 2874 vincam
1159 2833 1223 2874 non
1249 2813 1361 2874 habuit
1385 2826 1508 2894 apatre

244 2923 343 3004 ipsius
369 2921 492 2981 domini
527 2919 649 2980 Nicolai
683 2940 720 2979 ex
749 2919 839 2979 nullo
872 2939 968 2979 censu
1002 2919 1056 2981 sed
1090 2921 1129 2979 ab
1155 2918 1210 2980 illo
1243 2919 1334 2981 cuius
1358 2917 1417 2980 suit
1442 2919 1508 3000 ipsa

248 3028 360 3101 vinea;
385 3027 439 3086 ubi
465 3025 619 3107 presbiter
644 3024 798 3085 Nicolaus
822 3023 882 3085 hoc
907 3026 1042 3106 probare
1067 3026 1200 3087 minime
1225 3026 1339 3108 potuit,
1364 3025 1438 3087 ideo
1462 3024 1509 3103 ju·

245 3134 303 3194 rati
329 3133 603 3212 adjudicaverunt,
633 3130 720 3212 quod
745 3152 782 3190 ex
814 3150 880 3211 quo
913 3131 980 3212 ipse
1005 3132 1157 3193 dominus
1188 3133 1340 3194 Nicolaus
1373 3132 1509 3214 probare

246 3258 310 3299 non
336 3239 450 3319 potuit,
476 3237 548 3297 ideo
574 3237 640 3317 ipse
666 3236 788 3297 Malecz
813 3236 974 3317 possideat
995 3239 1122 3299 vineam
1148 3237 1303 3319 prefatam
1328 3257 1430 3319 usque
1454 3237 1508 3297 ad·

245 3359 376 3406 ventum
403 3343 490 3404 illius
514 3344 568 3423 qui
595 3343 653 3402 sibi
680 3342 815 3403 eandem
849 3344 975 3403 vineam
1008 3345 1224 3425 assignaverat
1247 3345 1509 3424 gubernandam

246 3452 285 3512 de
310 3471 375 3533 quo
401 3450 520 3528 judicio
545 3464 649 3531 partes
673 3451 766 3510 ambe
792 3464 941 3510 contente
965 3464 1049 3512 sunt.

351 3575 457 3638 Causa
482 3576 563 3636 inter
588 3574 726 3635 eundem
753 3575 963 3655 presbiterum
990 3576 1160 3637 Nicolaum
1181 3576 1358 3658 Simunych
1384 3589 1414 3637 et
1433 3594 1509 3636 uxo·

246 3703 311 3743 rem
338 3683 465 3743 Martini
492 3679 702 3764 Jakcheu·ych
728 3682 857 3741 racione
886 3681 1051 3742 cuiusdam
1078 3683 1169 3760 silve,
1195 3703 1292 3763 quam
1326 3684 1391 3764 ipse
1424 3702 1510 3763 pres·

246 3790 326 3850 biter
359 3789 512 3849 Nicolaus
544 3786 667 3869 prefato
702 3788 838 3848 Martino
880 3788 994 3848 marito
1027 3808 1085 3849 suo
1119 3789 1324 3866 vendiderat,
1356 3789 1410 3850 ubi
1444 3791 1510 3871 ipse

247 3897 402 3977 presbiter
427 3895 579 3956 Nicolaus
611 3895 747 3971 dicebat,
780 3893 868 3974 quod
902 3894 1007 3954 solum
1033 3915 1132 3956 unum
1166 3897 1373 3957 viennensem
1404 3895 1510 3956 eidem

247 4002 278 4063 in
303 4002 430 4082 signum
456 4000 634 4082 empcionis
659 4000 803 4061 eiusdem
827 3999 905 4059 silve
935 4001 1085 4075 dedisset,
1119 4002 1252 4083 ipsaque
1278 4021 1357 4062 uxor
1382 4001 1510 4062 Martini

247 4108 384 4181 dicebat,
409 4107 496 4188 quod
530 4127 629 4168 unum
663 4106 732 4168 flor.
758 4108 862 4168 eidem
896 4108 1073 4187 presbitero
1107 4109 1241 4169 Nicolao
1266 4109 1330 4189 ipse
1357 4108 1512 4168 Martinus

247 4214 398 4289 dedisset,
423 4215 616 4293 negavitque
631 4215 734 4273 dictus
757 4215 912 4295 presbiter
934 4215 1096 4290 Nicolaum
1114 4215 1206 4293 jurati
1232 4214 1510 4290 adjudicaverunt,

249 4338 282 4382 ut
307 4323 372 4402 ipse
398 4322 553 4402 presbiter
578 4321 730 4381 Nicolaus
755 4321 794 4381 ad
819 4317 931 4382 seriam
957 4336 1076 4381 sextam
1100 4335 1170 4402 post
1195 4322 1390 4382 dominicam
1410 4320 1511 4393 Quasi

248 4428 347 4488 modo
372 4428 410 4487 ad
436 4427 668 4487 conscienciam
695 4446 784 4486 suam
810 4446 971 4487 assumere
1000 4427 1129 4488 debebit
1162 4429 1250 4507 quod
1276 4427 1416 4488 eundern
1442 4426 1511 4486 flor.

247 4535 382 4614 abipso
417 4533 555 4593 biartino
589 4533 619 4592 in
652 4547 768 4593 sortem
803 4533 947 4593 eiusdem
978 4533 1057 4594 silve
1083 4553 1147 4594 non
1181 4534 1320 4614 recepit;
1345 4534 1370 4592 si
1397 4531 1512 4607 jurabit

247 4640 360 4700 silvam
385 4658 475 4700 suam
501 4637 657 4700 rehabuit.
