3502 5264
796 360 945 422 Addenda.
1444 376 1507 436 ²40
1567 387 1573 400 ·

242 574 419 658 Gregorius
442 593 507 635 non
532 573 695 654 juraverit,
712 572 879 635 convictus
900 586 946 634 est
971 572 1002 634 in
1021 572 1090 650 illo,
1114 590 1210 653 super
1228 590 1294 652 quo
1319 570 1405 631 idem
1424 570 1505 631 Lau·

241 683 368 744 rencius
392 683 496 761 jurare
520 680 660 742 debebit.

348 788 452 850 Causa
478 789 560 849 inter
593 786 743 868 Magdam
775 786 972 847 servitricem
1007 783 1138 865 Georgii
1172 783 1361 866 carpentarii
1393 797 1424 845 et
1448 784 1508 845 Mi·

241 895 384 956 chaelem
411 913 521 976 sporar
546 894 674 954 racione
700 893 866 954 cuiusdam
885 893 1101 974 percussionis
1126 907 1156 952 et
1173 890 1434 972 vituperationis,
1452 889 1508 950 ubi

241 1000 334 1081 jurati
369 1001 646 1080 adjudicaverunt,
679 1000 767 1080 quod
802 1019 839 1059 er
872 1017 938 1080 quo
970 997 1091 1080 prefata
1127 998 1243 1078 Magda
1268 997 1400 1058 uxorem
1432 995 1507 1058 dicti

242 1107 411 1168 Michaelis
434 1122 530 1189 prout
554 1107 639 1167 idem
667 1104 804 1167 Michael
829 1104 950 1183 asserit,
975 1105 1177 1185 vituperavit,
1203 1120 1233 1165 et
1258 1123 1316 1186 pro
1340 1102 1507 1184 vituperiis

242 1212 427 1274 huiusmodi
445 1213 563 1274 dictam
588 1213 738 1273 ancillam
757 1212 922 1293 percussit,
948 1211 1021 1273 ideo
1046 1211 1130 1272 idem
1156 1211 1272 1273 ancilla
1298 1210 1402 1291 jurare
1427 1209 1506 1271 feria

241 1334 326 1380 sexta
353 1333 424 1401 post
459 1319 654 1380 dominicam
689 1318 789 1392 Quasi
822 1317 921 1379 modo
953 1318 1052 1398 geniti
1085 1317 1227 1396 debebit,
1258 1316 1348 1398 quod
1372 1336 1505 1379 uxorem

242 1424 318 1487 dicti
344 1425 510 1486 Michaelis
541 1444 606 1486 non
639 1424 849 1506 vituperavit3
881 1423 1029 1506 deposito
1061 1424 1169 1505 itaque
1202 1423 1387 1484 huiusmodi
1425 1423 1508 1503 jura·

241 1545 351 1593 mento
387 1532 472 1593 idem
511 1532 647 1592 Michael
682 1551 793 1613 sporar
829 1531 995 1592 convictus
1030 1543 1077 1591 est
1113 1530 1144 1591 in
1173 1549 1256 1612 pena
1293 1529 1508 1612 percussionis

241 1638 441 1700 huiusmodi.

847 1724 902 1792 11.

347 1852 425 1912 ltem
451 1851 575 1912 Blasius
599 1852 725 1911 kramar
749 1869 847 1931 penes
872 1863 996 1931 portam
1022 1850 1179 1913 habitans.

351 1958 428 2019 ltem
454 1956 635 2039 Stephanus
660 1955 800 2039 frenipar
824 1976 896 2017 cum
923 1954 1017 2018 fratre
1041 1976 1110 2020 suo.

351 2063 428 2125 ltem
455 2063 644 2124 Valentinus
669 2061 809 2145 frenipar
833 2082 905 2123 cum
932 2062 1080 2124 familiari
1106 2083 1176 2125 suo.

347 2170 424 2230 Item
453 2168 599 2230 lvlatheus
624 2167 764 2249 frenipar
788 2188 859 2231 cum
886 2168 980 2229 fratre
1005 2188 1074 2229 suo.

348 2275 426 2336 ltem
452 2274 614 2336 Johannes
639 2274 771 2335 lonchar
796 2294 867 2336 cum
891 2274 1040 2336 familiari
1066 2294 1135 2337 su0.

350 2381 427 2441 ltem
453 2381 634 2462 Stephanus
658 2381 828 2460 aurifaber,
854 2381 1035 2463 Stephanus
1053 2396 1084 2442 et
1103 2382 1212 2443 Petrus
1229 2380 1404 2442 familiares
1428 2382 1507 2444 eius.

350 2488 426 2549 ltem
455 2487 578 2548 Blasius
603 2490 738 2566 ltramar,
768 2490 933 2551 Almanus.

846 2681 901 2747 12.

350 2807 428 2867 ltem
454 2825 516 2886 que
542 2804 685 2866 laboravi
710 2806 955 2867 communitati:

350 2914 457 2973 Primo
483 2932 579 2973 unam
604 2912 772 2974 cathenam
796 2914 882 2993 wlgo
906 2913 1008 2976 lancz.

349 3020 426 3080 ltem
452 3038 552 3080 unum
578 3019 663 3100 wlgo
687 3019 779 3099 goler
803 3019 843 3080 ad
868 3020 952 3081 colla
977 3022 1188 3103 captivorum.

350 3126 425 3186 ltem
452 3145 549 3186 unam
574 3145 675 3186 seram
703 3144 852 3205 magnam
875 3126 915 3187 ad
942 3126 1066 3187 Novam
1092 3144 1228 3210 portam.

348 3231 425 3292 ltem
451 3251 642 3312 campanam
668 3231 861 3294 refformavi.

349 3337 426 3399 Item
453 3356 548 3397 unam
575 3339 756 3399 clausuram
780 3339 821 3398 ad
846 3340 954 3400 valvas
979 3340 1121 3404 ecclesie.

349 3444 425 3505 ltem
451 3444 509 3504 tria
535 3443 653 3504 lamina
680 3443 823 3525 disposui
849 3446 888 3505 ad
913 3445 1025 3506 stallos
1048 3446 1190 3509 ecclesie.

349 3551 425 3611 ltem
452 3569 547 3610 unam
573 3551 764 3631 compedem
791 3549 924 3612 ferream
951 3552 1035 3632 wlgo
1059 3553 1236 3634 springher.

350 3655 426 3717 ltem
452 3676 549 3717 unam
575 3656 742 3718 cathenam
767 3657 808 3718 ad
833 3656 962 3718 Portam
987 3678 1130 3739 parvam.

350 3763 395 3823 Ex
420 3763 572 3824 omnibus
604 3762 665 3823 hiis
696 3762 862 3825 laboribus
894 3784 959 3826 non
993 3767 1100 3848 accepi
1126 3767 1198 3848 plus
1230 3768 1374 3849 precium
1408 3786 1505 3848 quam

243 3870 428 3951 octuaginta
453 3870 612 3932 denarios.

350 3976 427 4037 ltem
452 3977 595 4058 disposui
621 3975 703 4037 duos
727 3977 832 4039 claves
853 3979 892 4039 ad
909 3981 1063 4040 scrinium
1088 3981 1120 4042 in
1144 3981 1277 4043 ecclesia
1296 3982 1327 4042 in
1352 4000 1418 4062 quo
1435 4001 1507 4041 can·

242 4083 313 4143 dele
339 4097 578 4144 conservantur.

562 4189 695 4251 Summa
720 4191 824 4252 tocius
848 4189 922 4254 facit
946 4192 1015 4254 flor.
1041 4194 1196 4275 quinque.

846 4383 900 4451 13.

351 4508 467 4569 Testes
492 4509 638 4589 producti
665 4526 774 4570 contra
794 4511 913 4571 Lucam
939 4509 1123 4592 pellificem‚
1149 4512 1241 4589 jurati
1260 4527 1291 4575 et
1316 4515 1506 4578 examinati:

350 4614 515 4676 Dorothea
539 4614 620 4676 fassa
646 4630 702 4694 est,
735 4618 823 4697 quod
856 4616 1016 4699 prefatum
1042 4618 1161 4680 Lucam
1195 4620 1326 4682 vidisset
1351 4620 1428 4683 feria
1459 4641 1506 4683 se·

244 4719 349 4782 cunda
373 4734 448 4782 ante
473 4720 588 4783 festum
614 4724 706 4784 beate
731 4723 877 4786 Elizabet
903 4724 934 4785 in
960 4723 1069 4786 medio
1086 4724 1138 4786 die
1159 4726 1280 4789 dictum
1306 4728 1426 4790 Lucam
1452 4749 1507 4810 per

244 4828 383 4891 mediam
410 4829 538 4890 vineam
563 4830 752 4910 pertransire
778 4831 809 4891 in
836 4829 1015 4895 Bwkowcz.
