3502 5264
246 379 305 442 194
616 360 702 418 Anno
724 371 812 434 1510.
837 392 878 401 —
904 353 953 418 18.
970 354 1121 436 Jiznuarir'.

241 572 273 633 in
297 570 394 632 simili
419 570 572 652 homagio
596 570 670 631 vivo
695 584 726 630 et
754 588 826 631 cum
860 569 1008 650 expensis
1032 568 1097 629 illis
1128 586 1208 648 quas
1232 565 1378 648 exposuit
1401 563 1507 627 dictus

242 676 378 740 Michael
403 678 434 738 in
460 677 562 739 causis
594 677 660 738 istis
689 676 870 737 ambulans.
906 675 1030 735 Eodem
1064 674 1116 734 die
1141 673 1244 734 dictus
1277 671 1413 734 Michael
1439 689 1503 732 non

242 796 410 871 contentus
434 784 473 845 de
497 782 618 864 judicio
642 783 820 863 juratorum
845 781 884 841 ad
918 781 1061 841 seniores
1085 780 1208 860 judices
1233 778 1416 861 appellavit.

393 1019 489 1093 leria
517 1030 615 1092 sexta
644 1028 721 1109 post
748 1021 872 1092 festum
900 1023 989 1091 beati
1020 1019 1179 1091 Anthonii
1211 1020 1355 1090 abbatis.

753 1171 816 1248 (18.
834 1177 1001 1250 januarii).

349 1315 454 1378 Causa
487 1316 568 1377 inter
601 1316 861 1399 Myskowyczam
895 1329 924 1377 et
957 1316 1126 1377 Nicolaum
1160 1314 1262 1377 filium
1293 1313 1508 1376 Kwnteschak

244 1422 370 1484 racione
396 1421 562 1483 cuiusdam
582 1421 713 1503 dampni
738 1441 794 1503 per
813 1423 917 1503 ipsum
936 1422 1105 1482 Nicolaum
1136 1422 1219 1483 dicte
1244 1421 1370 1482 mulieri
1388 1417 1508 1482 factum

244 1528 277 1590 in
301 1530 370 1592 ilor.
395 1528 519 1605 decem,
543 1526 637 1606 jurati
661 1528 705 1588 sic
730 1527 1007 1607 adjudicaverunt,
1029 1528 1117 1610 quod
1143 1528 1226 1589 dicta
1251 1528 1368 1589 mulier
1392 1527 1509 1589 debeat

244 1634 406 1716 deponere
431 1633 646 1713 juramentum
673 1634 703 1694 in
722 1653 774 1694 ara
798 1649 906 1695 sancte
931 1634 1044 1696 Crucis
1060 1635 1224 1696 terciamet
1241 1634 1431 1695 mulieribus
1447 1633 1509 1696 sibi

243 1739 403 1800 similibus
427 1740 465 1799 ad
493 1739 808 1820 quintumdecimum
827 1739 913 1801 diem
940 1759 1035 1821 super
1052 1739 1228 1821 dampnum
1252 1739 1330 1801 illud
1356 1739 1445 1821 quod
1462 1753 1510 1802 est

245 1847 351 1909 eidem
377 1846 504 1907 mulieri
530 1865 586 1927 per
611 1846 732 1907 dictum
751 1846 921 1907 Nicolaum
947 1847 1006 1906 sibi
1026 1845 1162 1922 lactum3
1187 1866 1259 1910 cum
1284 1845 1368 1908 dicta
1392 1847 1510 1908 mulier

245 1952 386 2034 deponet
418 1952 645 2031 juramentum,
678 1966 792 2013 extunc
826 1952 929 2013 dictus
962 1953 1114 2012 Nicolaus
1145 1951 1284 2033 persolvi
1309 1952 1369 2013 sibi
1394 1952 1510 2014 debeat

245 2058 421 2139 dampnum
448 2057 529 2118 illud
555 2057 643 2138 quod
667 2077 723 2139 per
741 2057 845 2138 ipsum
864 2077 954 2139 passa
968 2073 1025 2134 est,
1051 2057 1146 2134 judici
1166 2059 1197 2119 in
1215 2071 1343 2119 centum
1368 2056 1510 2120 denariis

244 2165 412 2226 convictus
438 2177 501 2238 est;
527 2164 642 2224 eodem
669 2163 720 2224 die
755 2164 840 2224 idem
866 2164 1018 2225 Nicolaus
1042 2183 1105 2224 non
1131 2178 1300 2225 contentus
1324 2164 1363 2224 de
1387 2162 1509 2242 judicio

245 2269 421 2349 juratorum
449 2269 488 2330 ad
514 2269 656 2330 seniores
679 2268 801 2349 judices
832 2269 1016 2350 appellavit.
1047 2306 1081 2313 -
1110 2269 1261 2331 Seniores
1285 2269 1406 2348 judices
1437 2288 1508 2350 pre·

245 2381 341 2438 latam
360 2395 489 2437 causam
507 2373 777 2436 confirmaverunt
796 2375 828 2435 in
845 2376 997 2435 omnibus
1019 2377 1071 2453 ita,
1096 2376 1183 2456 quod
1202 2376 1240 2436 ad
1259 2375 1371 2437 leriam
1388 2391 1509 2438 sextam

245 2482 425 2564 proximam
450 2480 555 2561 jurare
580 2480 722 2557 debebit,
747 2495 781 2542 ut
806 2481 954 2562 superius
977 2482 1169 2543 continetur.

352 2587 458 2650 Causa
483 2589 564 2649 inter
587 2588 766 2649 iohannem
788 2588 930 2669 Posegay
949 2602 979 2649 et
1004 2588 1211 2649 Valentinum
1237 2587 1362 2650 labrum
1380 2590 1510 2650 racione

245 2695 462 2778 quorumdam
488 2694 653 2776 pullorum
682 2707 712 2754 et
744 2693 919 2773 lignorum,
952 2694 1039 2774 quod
1072 2694 1176 2755 dictus
1201 2694 1390 2756 Valentinus
1413 2694 1511 2757 habet

245 2802 461 2883 suspicionem
487 2814 596 2861 contra
631 2799 796 2859 dominam
823 2798 977 2859 Johannis
1003 2799 1146 2881 Posegay
1171 2799 1259 2880 quod
1284 2800 1350 2880 ipsa
1373 2799 1511 2862 misisset

246 2907 379 2969 ancillas
402 2926 475 2968 suas
506 2925 564 2986 pro
596 2905 693 2986 lignis
725 2904 870 2965 eiusdem
900 2904 1061 2965 Valentini
1097 2904 1176 2966 labri
1202 2904 1322 2984 furtim,
1347 2905 1442 2985 jurati
1465 2907 1510 2967 sic

246 3012 521 3093 adjudicaverunt,
555 3011 642 3092 quod
676 3011 807 3071 domina
841 3010 996 3071 lobannis
1021 3011 1165 3094 Posegay
1199 3011 1314 3072 debeat
1346 3013 1510 3093 deponere

248 3118 463 3197 juramentum
489 3118 521 3178 in
539 3137 591 3178 ara
609 3132 715 3177 sancte
733 3117 847 3177 Crucis
871 3136 888 3177 a
914 3116 966 3177 die
984 3117 1184 3197 presencium
1202 3130 1316 3178 octavo
1340 3117 1403 3195 die,
1420 3117 1511 3198 quod

248 3245 352 3306 neque
378 3245 451 3286 cum
476 3225 556 3286 scitu
580 3243 638 3284 suo
663 3242 768 3304 neque
803 3224 868 3304 ipsa
902 3223 1039 3284 misisset
1071 3224 1204 3284 ancillas
1234 3244 1307 3284 suas
1331 3243 1389 3305 pro
1414 3224 1511 3304 lignis

249 3333 322 3409 illis,
347 3351 451 3413 neque
476 3331 582 3412 pullos
607 3330 680 3390 illos
704 3344 913 3411 portaverunt
947 3330 1138 3390 intrinsecus
1162 3330 1278 3390 domus
1302 3350 1369 3406 sue,
1395 3344 1511 3391 extunc

248 3439 472 3512 eliberabitur;
498 3437 612 3497 eodem
638 3435 690 3496 die
715 3435 877 3495 lohannes
904 3434 1046 3516 l‘osegay
1082 3436 1112 3495 in
1137 3454 1273 3515 persona
1297 3435 1430 3497 domine
1453 3455 1510 3497 sue

249 3564 314 3606 non
339 3557 508 3605 contentus
532 3543 571 3603 de
596 3541 716 3621 judicio
746 3541 923 3618 juratorum
948 3541 987 3601 ad
1013 3542 1155 3601 seniores
1181 3540 1301 3616 judices
1325 3541 1510 3623 appellavit.
