3502 5264
634 316 837 390 Anno1492.
863 348 906 356 -
923 329 980 390 30-
1004 315 1113 373 martti.
1466 336 1507 398 79

350 526 427 588 ltem
452 545 551 609 parvo
575 540 721 608 tempore
749 526 893 607 elampso
926 524 1048 586 lurstus
1072 540 1119 585 est
1151 526 1182 585 in
1208 526 1280 588 vico
1304 542 1450 589 sutorum
1476 531 1507 590 in

242 635 343 695 domo
368 633 538 695 Laurencii
564 633 658 715 Spaci
683 632 763 693 duas
790 633 915 693 tunicas
945 633 1120 693 muliebres
1145 647 1176 693 et
1207 635 1339 695 terciam
1363 635 1508 697 eiusdem

243 741 410 802 Laurencii
436 754 467 801 et
491 740 571 802 olias
588 755 689 800 certas
713 740 920 815 mercantias,
938 739 1051 820 pileos,
1072 741 1193 816 bursas,
1210 740 1360 801 cultellos
1384 757 1415 803 et
1431 742 1510 803 alias

241 847 439 908 mercantias
462 861 495 908 et
518 846 578 908 hoc
602 860 705 908 totum
723 865 780 927 per
795 845 935 926 seipsum
954 844 1055 906 lassus
1080 861 1127 906 est
1151 845 1273 906 fecisse.
1300 846 1376 907 ltem
1395 847 1507 909 eadem

242 952 294 1014 die
318 951 413 1033 jurati
438 953 575 1014 civitatis
606 952 872 1032 adjudicaverunt
902 972 961 1034 pro
994 953 1179 1014 huiusmodi
1215 952 1379 1016 lurticinio
1412 954 1510 1016 debet

241 1058 393 1142 suspendi
418 1059 451 1120 in
474 1059 621 1141 patibulo
646 1059 791 1121 civitatis.

383 1262 502 1369 'Ferla
531 1307 629 1370 sexto
658 1308 736 1370 ante
764 1296 963 1370 dominicam
991 1297 1110 1370 letare
1137 1298 1360 1387 Jhemsalem.

765 1458 830 1528 (30.
854 1454 977 1524 martti).

349 1590 426 1653 ltem
452 1610 533 1653 uxor
557 1590 725 1652 Michaelis
749 1590 927 1672 Oprasnicz
948 1591 1037 1652 dedit
1055 1610 1151 1652 unam
1175 1590 1215 1652 ad
1232 1590 1329 1653 fidem
1355 1611 1413 1674 pro
1432 1593 1508 1655 Mis·

242 1697 373 1760 couicza
397 1717 498 1759 unom
524 1697 614 1779 pusel
647 1696 747 1758 flavea
776 1696 840 1758 filia
872 1717 970 1758 uxore
996 1697 1108 1774 Misek,
1142 1697 1279 1759 Michsel
1312 1698 1506 1779 interogavit

241 1805 297 1866 ubi
322 1802 422 1866 fecisti
441 1805 481 1865 de
500 1805 588 1886 quod
607 1805 776 1864 vendidisti
802 1804 854 1865 fila
873 1804 985 1883 flavea,
1011 1805 1076 1885 ipso
1095 1805 1173 1864 dixit
1189 1805 1263 1865 dedi
1288 1824 1387 1867 uxore
1406 1805 1506 1866 Misek

242 1909 282 1971 ad
304 1909 412 1972 fidem.
438 1910 551 1972 Statim
569 1911 656 1971 misit
679 1910 828 1970 ancillam
851 1910 889 1970 ad
908 1912 1009 1992 ipsam
1028 1910 1116 1991 quod
1140 1911 1289 1987 solverat,
1314 1911 1381 1992 ipsa
1406 1911 1507 1972 dixit:

241 2015 324 2077 educ
348 2017 486 2094 solvam,
512 2017 590 2077 nolo
603 2016 696 2076 salire
715 2037 773 2098 pro
791 2017 900 2077 debito
918 2017 989 2093 isto,
1014 2017 1089 2096 quia
1106 2036 1175 2077 som
1200 2032 1264 2077 tam
1283 2018 1367 2078 bono
1392 2017 1504 2079 civissa

242 2122 325 2184 sicut
349 2137 380 2184 et
404 2123 481 2204 ipsa.
509 2123 597 2184 Uxor
622 2122 788 2183 Michaelis
812 2122 892 2183 vidit
917 2123 1017 2204 ipsam
1035 2123 1232 2199 transiendo,
1269 2123 1411 2184 obviavit
1436 2142 1506 2184 earn

243 2227 381 2289 dicendo
405 2248 504 2309 quare
530 2248 594 2289 non
626 2229 730 2289 solves
760 2228 869 2307 michi,
902 2229 1091 2310 inceperunt
1124 2229 1301 2309 vituperare
1335 2230 1367 2289 in
1391 2229 1507 2303 simul;

243 2334 311 2415 ipso
333 2332 406 2394 lecit
430 2354 556 2395 crucem
582 2355 654 2395 cum
680 2335 799 2415 digitis,
824 2356 896 2395 ecce
929 2350 963 2396 tu
996 2335 1091 2395 michi
1118 2336 1200 2395 male
1225 2336 1342 2412 solves,
1379 2350 1507 2417 etpost

243 2441 334 2502 istam
367 2441 587 2522 litigacionem
613 2441 644 2501 in
677 2442 762 2502 bona
796 2443 963 2502 volontate
996 2442 1086 2502 dedit
1117 2443 1176 2502 sibi
1210 2462 1307 2503 uxore
1341 2441 1507 2503 Michaelis

243 2565 340 2608 unam
364 2547 512 2625 azimam,
537 2548 604 2628 ipsa
628 2548 734 2608 statim
760 2548 854 2627 fregit
871 2549 909 2607 ad
936 2548 1016 2608 duos
1040 2561 1144 2629 partes
1161 2549 1310 2624 azimam,
1335 2547 1425 2608 dedit
1449 2567 1506 2608 an-

243 2651 316 2714 cille
340 2653 493 2730 mediam,
517 2654 623 2714 statim
656 2668 825 2734 postquam
859 2654 1000 2714 comedit
1025 2654 1078 2714 illa
1110 2655 1247 2714 azimam
1272 2653 1352 2713 dixit
1374 2653 1506 2715 domine

242 2777 317 2821 sue:
340 2774 512 2841 postquam
537 2761 663 2820 comedi
690 2761 782 2820 istam
815 2761 952 2821 azimam
978 2762 1116 2821 maxime
1140 2762 1229 2836 sicin,
1254 2761 1333 2820 dixit
1356 2760 1506 2820 domina:

243 2884 303 2947 ego
326 2866 475 2927 similiter
498 2867 636 2926 maxime
662 2866 740 2928 sicin
764 2867 846 2927 sicut
879 2867 960 2947 ignis
986 2867 1017 2926 in
1046 2886 1097 2926 me
1129 2866 1220 2928 ardit.
1248 2867 1315 2947 lpsa
1340 2885 1421 2926 uxor
1447 2866 1506 2927 Mi·

243 2970 362 3033 chselis
386 2972 465 3033 dixit
488 2973 558 3032 viro
589 2993 647 3034 suo
673 2973 704 3032 in
730 2974 844 3033 ultimo
877 2975 992 3033 verbo:
1025 2975 1065 3033 ab
1099 2973 1152 3032 illa
1178 2973 1380 3033 Moscouiczs
1406 2973 1506 3032 timeo

243 3078 331 3160 quod
356 3079 424 3160 ipsa
449 3079 527 3159 quid
553 3079 649 3139 michi
675 3078 757 3142 lecit.

350 3183 427 3246 ltem
454 3185 566 3246 Petrus
589 3202 691 3247 sartor
715 3186 801 3246 misit
818 3205 945 3246 servum
967 3204 1059 3245 suom
1085 3187 1125 3245 ad
1150 3183 1254 3245 loront
1272 3185 1361 3265 quod
1387 3199 1507 3246 emeret

243 3312 351 3375 repam
377 3293 557 3368 trivienem,
581 3294 715 3353 triviens
739 3292 868 3353 ambula
893 3292 932 3352 ad
962 3289 1065 3352 lorom
1092 3292 1223 3371 quando
1247 3292 1394 3352 tertiario
1419 3293 1506 3352 venit

242 3398 283 3459 ad
307 3397 411 3460 lorum
435 3413 509 3460 ante
535 3399 783 3459 Moscouicisom
815 3418 941 3457 caseum
962 3398 1062 3478 ipsam
1080 3412 1226 3473 stantem,
1253 3398 1318 3478 ipsa
1344 3397 1440 3457 dixit:
1458 3398 1505 3457 vis

242 3523 368 3566 caseum
394 3524 512 3582 emere,
538 3505 603 3586 ipse
622 3505 718 3565 dixit:
744 3505 820 3564 nolo
840 3505 915 3585 quia
942 3524 1005 3563 non
1032 3503 1127 3564 habio
1146 3504 1305 3580 denarios,
1324 3505 1390 3585 ipsn
1408 3504 1504 3566 dixit:

242 3610 389 3692 accipias,
413 3625 447 3671 tu
472 3610 569 3670 michi
596 3612 677 3671 bene
701 3611 816 3687 solves,
841 3611 908 3691 ipsa
933 3611 1037 3670 tenuit
1067 3611 1170 3690 ipsum
1196 3631 1251 3690 per
1275 3612 1415 3671 tunicam
1443 3609 1505 3670 lor·

240 3715 325 3794 titer,
348 3735 422 3777 vere
447 3730 482 3777 tu
507 3717 606 3777 debes
622 3736 728 3777 emere
753 3716 792 3775 dc
811 3717 870 3776 isto
896 3736 1000 3792 cnse0,
1026 3717 1092 3796 ipse
1111 3716 1221 3776 hahuit
1248 3736 1346 3777 unom
1371 3716 1502 3777 obolem

241 3836 272 3884 et
294 3823 417 3904 accepit
440 3822 479 3882 de
519 3823 580 3883 isto
613 3842 705 3883 caseo
737 3836 768 3883 et
792 3822 932 3882 comedit
964 3823 1090 3895 oculte,
1120 3823 1225 3883 statim
1259 3838 1427 3904 postquam
1453 3841 1504 3882 co·

241 3928 342 3990 medit
366 3929 459 3990 illum
481 3948 609 3990 caseum
634 3927 734 3989 lactus
759 3943 805 3989 est
832 3929 1021 4010 scopiossus,
1046 3929 1151 3988 statim
1186 3929 1315 3989 intravit
1341 3929 1503 4002 balncum,

241 4032 342 4096 lactus
366 4048 413 4096 est
437 4035 520 4095 miro
546 4035 645 4096 modo
664 4034 791 4095 inflatus
809 4049 839 4095 et
855 4035 983 4112 debilis,
1008 4035 1094 4095 venit
1124 4048 1224 4094 mater
1240 4054 1296 4095 sua
1321 4049 1351 4095 et
1377 4034 1505 4095 intrarit

241 4139 282 4201 sd
306 4140 531 4202 consistoriom
557 4155 630 4201 ante
654 4140 794 4220 judicem
820 4155 849 4201 et
866 4141 1033 4202 clamavit:
1058 4160 1130 4200 ecce
1156 4140 1287 4200 domine
1313 4139 1407 4218 judex
1425 4138 1504 4219 quid

242 4243 360 4307 lactum
385 4260 432 4307 est
456 4244 533 4322 filio,
570 4247 648 4306 dixit
679 4247 777 4308 servis
806 4246 859 4307 ille
893 4262 1062 4328 postquam
1096 4246 1220 4306 comedi
1247 4265 1374 4306 caseum
1401 4246 1504 4322 illum,

240 4365 326 4414 totus
349 4371 458 4434 pereo,
483 4354 591 4415 nescio
616 4368 662 4414 est
686 4353 726 4415 de
752 4354 807 4414 illo
832 4373 925 4414 caseo
950 4355 999 4414 vel
1025 4372 1101 4413 non.

348 4457 425 4520 ltem
451 4457 545 4538 judex
572 4480 642 4521 cum
670 4459 779 4539 juratis
804 4460 891 4540 quod
917 4461 1109 4520 audiverunt
1139 4458 1255 4519 lamam
1280 4458 1318 4517 de
1345 4458 1402 4518 istn
1429 4458 1504 4518 Mis·

242 4564 384 4644 couicza,
409 4564 554 4628 lecerunt
578 4585 648 4626 eam
674 4566 834 4646 captivare
858 4582 888 4626 er
920 4566 1100 4643 interogare
1132 4565 1309 4625 secundom
1334 4577 1505 4625 consvetu·

242 4667 351 4733 dinem
377 4669 525 4749 civitatis,
549 4671 616 4753 ipsa
642 4671 835 4733 Miscouicza
860 4669 958 4734 nichil
984 4669 1065 4732 lasso
1082 4684 1129 4731 cst
1153 4670 1191 4730 dc
1218 4670 1278 4730 isto
1302 4668 1391 4728 molo
1409 4666 1504 4746 lacto,

241 4794 316 4841 com
338 4775 401 4841 hoc
423 4777 573 4840 liberavit
596 4791 692 4860 caput
714 4796 819 4840 suom.
