3502 5264
466 340 662 414 Anno1515.
687 371 729 381 —
752 333 805 398 28.
829 338 951 418 augusti
973 371 1013 381 —
1039 333 1089 398 16.
1115 337 1282 398 novembris.
1444 352 1508 417 207

347 550 471 612 Eodem
497 550 550 611 die
574 549 726 610 dominus
749 548 845 628 judex
870 548 960 610 dedit
980 549 1153 610 terminum
1180 549 1309 610 Thome
1333 547 1432 609 sutori
1458 560 1503 608 ut·

244 670 356 734 tracto,
381 654 494 717 feriam
512 669 632 717 sextum
657 655 837 737 proximam
863 667 935 735 post
952 654 1095 715 Simonis
1119 669 1149 715 et
1166 653 1247 713 Jude
1272 652 1504 735 apostolorum,

242 778 277 825 ut
301 781 430 824 socrum
454 782 544 823 suum
570 762 701 823 duceret
725 760 781 820 illo
799 761 850 822 die
876 761 948 838 huc,
973 776 1007 821 ut
1024 761 1172 842 probaret
1190 760 1396 836 contrarium,
1414 759 1502 840 quod

243 870 379 951 pecunia
403 869 463 929 sibi
482 869 555 930 duta
580 887 645 929 non
663 881 744 929 esset
769 867 893 929 domini
912 866 1064 948 Gasparis
1081 867 1134 927 sed
1160 866 1260 948 ipsius
1276 884 1363 927 coce.
1381 865 1505 928 Eodem

241 974 294 1038 die
318 975 420 1037 eciam
445 975 589 1057 partibus
612 973 768 1035 terminus
798 973 891 1034 dutus
914 974 954 1034 ud
987 972 1146 1056 prefatum
1171 973 1257 1034 diem
1291 986 1325 1034 ut
1350 971 1506 1056 produce·

242 1095 311 1144 rent
335 1081 428 1164 plura
454 1081 649 1158 testimonia,
673 1079 698 1141 si
727 1099 790 1161 que
815 1079 980 1141 haberent.

348 1188 426 1250 Item
460 1186 537 1249 feria
570 1201 655 1249 sextu
688 1188 834 1269 proxima
866 1201 939 1249 ante
964 1186 1092 1248 Martini
1125 1185 1279 1267 episcopi,
1311 1185 1411 1248 tercio
1435 1204 1508 1266 pro·

241 1295 331 1358 duxit
355 1294 507 1356 dominus
533 1294 656 1376 Gaspar
679 1293 910 1375 prebendarius
931 1292 1019 1354 chori
1045 1291 1261 1372 zagrabiensis
1284 1292 1506 1354 testimonium

242 1401 393 1464 videlicet
410 1401 589 1463 Johunnem
616 1400 723 1484 Synek
741 1401 842 1462 civem
869 1399 1185 1480 Montisgrecensem,
1214 1399 1268 1479 qui
1294 1399 1391 1461 dixit:
1416 1397 1505 1480 quod

243 1526 316 1569 cum
350 1527 406 1590 per
438 1526 511 1568 eum
537 1506 600 1588 jam
633 1507 672 1568 ab
697 1525 783 1568 anno
814 1506 914 1568 tercio
942 1505 974 1566 in
1007 1504 1140 1566 domum
1167 1505 1297 1566 Thome
1321 1505 1438 1567 sutoris
1462 1503 1502 1565 ad

242 1612 419 1674 bibendum
446 1627 578 1675 vocatus
604 1611 727 1690 suisset,
751 1612 794 1672 ibi
819 1613 976 1674 creditum
1008 1610 1158 1672 videlicet
1181 1625 1309 1672 centum
1335 1624 1366 1672 et
1389 1610 1508 1691 viginti

243 1717 434 1780 ducatorum
471 1738 488 1779 u
525 1718 655 1781 Thomu
688 1733 796 1781 sutore
835 1733 980 1800 expetere
1017 1717 1120 1799 cepit,
1152 1717 1206 1798 qui
1240 1717 1387 1779 Thomas
1419 1717 1509 1795 dixit,

243 1844 321 1903 non,
345 1839 469 1887 tantum
495 1839 618 1904 teneor,
643 1826 697 1887 sed
735 1839 882 1901 centum3
908 1825 968 1887 hoc
992 1825 1077 1886 idem
1103 1824 1142 1884 ab
1168 1842 1266 1885 uxore
1291 1842 1347 1884 sua
1373 1822 1451 1884 dixit
1475 1843 1507 1885 se

244 1931 416 1991 audivisse.

348 2034 427 2097 ltem
452 2048 579 2116 quarto,
605 2035 757 2098 dominus
783 2037 905 2119 Guspar
937 2037 1089 2119 produxit
1113 2035 1335 2098 testimonium
1360 2036 1510 2100 videlicet

245 2138 322 2201 feria
348 2155 435 2203 sextu
461 2142 606 2222 proxima
639 2159 710 2204 unte
744 2142 859 2205 festum
887 2142 1066 2220 Elizabetb,
1092 2157 1122 2204 et
1154 2140 1255 2203 iussus
1279 2157 1336 2222 est,
1359 2144 1511 2207 videlicet

245 2245 405 2328 Georgius
423 2248 536 2326 Zeuer,
558 2250 646 2329 quod
663 2249 702 2310 ad
721 2249 855 2311 domum
872 2249 1006 2330 sepefati
1024 2249 1153 2311 Thome
1171 2252 1289 2313 sutoris
1313 2272 1369 2334 per
1386 2253 1508 2314 dictum

244 2352 414 2415 dominum
440 2353 621 2438 Gasparum
650 2371 781 2416 vocatus
805 2354 925 2433 suisset,
957 2356 1068 2436 ibique
1099 2357 1183 2438 cepit
1207 2357 1360 2420 dominus
1385 2357 1510 2439 Gsspur

245 2459 392 2521 debitum
415 2474 604 2541 expeteres
638 2461 779 2538 Thomu,
809 2462 904 2523 etde
938 2462 1048 2523 debito
1074 2481 1209 2542 querere
1240 2478 1398 2544 quantum
1421 2478 1510 2526 tene·

245 2580 340 2643 retur,
365 2566 420 2645 qui
446 2566 526 2628 dixit
550 2582 677 2628 centum
705 2565 775 2628 flor.
