3502 5264
246 286 303 347 168
644 291 729 343 Anno
752 299 838 361 1507.
866 319 906 327 -
932 281 980 343 18.
998 287 1091 359 Jitnit'.

243 499 310 561 fieri
327 513 430 560 totum
448 499 618 581 spoliatum
638 512 669 559 et
686 499 724 558 ab
743 497 863 558 eisdem
882 497 1067 558 hominibus
1088 496 1180 558 castri
1198 494 1323 557 Medwe
1341 514 1392 557 res
1409 496 1513 578 ipsius

242 607 408 687 recepisse,
433 621 507 688 puta
534 607 565 667 in
592 625 654 666 una
680 623 784 682 lincea,
810 605 841 664 in
868 624 966 686 porco
990 620 1021 665 et
1044 603 1116 664 aliis
1140 601 1232 664 certis
1256 604 1352 664 rebus
1376 621 1513 685 queque

242 711 371 774 fuerunt
396 712 426 773 in
451 712 549 773 domo
573 731 640 788 sua,
665 711 757 791 jurati
789 710 1023 788 adjudicarunt,
1048 709 1136 792 quod
1167 727 1338 790 quousque
1362 706 1511 791 prefatus

243 820 426 880 Anthonius
451 819 578 900 Meryaz
603 820 684 878 circa
709 838 757 878 res
778 838 850 878 suas
883 818 1001 899 quibus
1026 818 1092 898 ipse
1117 836 1172 898 per
1197 814 1334 898 prefatos
1358 814 1513 880 homines

243 945 299 986 seu
324 925 463 1006 judicem
488 924 579 985 castri
606 923 732 984 Medwe
757 943 821 984 non
855 923 1045 1004 pervenerit,
1078 937 1193 983 extunc
1225 940 1284 982 nos
1308 921 1436 984 nullum
1462 922 1513 1004 ju·

244 1031 364 1091 dicium
389 1051 444 1091 seu
469 1028 724 1091 satisfaccionem
749 1030 790 1092 da
815 1029 884 1110 ipso
902 1029 1068 1111 potuimus
1092 1027 1206 1105 facere,
1230 1048 1267 1088 ex
1292 1047 1358 1109 quo
1383 1029 1416 1090 in
1440 1048 1513 1091 om·

244 1137 339 1198 nibus
363 1140 457 1198 rebus
481 1136 546 1196 suis
570 1151 616 1197 est
639 1136 791 1217 privatus.

343 1372 439 1445 feria
468 1380 566 1444 sexta
595 1371 747 1461 proxima
776 1383 853 1461 post
881 1374 1003 1444 festum
1031 1375 1120 1445 beati
1152 1373 1221 1445 Viti
1250 1375 1416 1445 martiris.

780 1522 846 1603 (18.
862 1525 972 1604 Jimit).

353 1668 463 1729 Petrus
487 1664 627 1727 carnifex
652 1666 691 1726 ad
717 1667 905 1727 instanciam
925 1667 1043 1728 Mathie
1074 1665 1242 1749 freniparis
1266 1666 1371 1747 primo
1397 1667 1513 1728 citatus

247 1794 310 1835 non
338 1773 526 1847 comparuit.

353 1880 475 1941 Eodem
502 1881 554 1940 die
580 1879 731 1940 Nicolaus
751 1878 1007 1961 Kwntheschyak
1025 1878 1064 1939 ad
1090 1878 1278 1938 instanciam
1296 1878 1418 1941 Mathie
1443 1878 1512 1942 Go-

248 2006 371 2068 sponne
397 1987 501 2067 primo
526 1985 639 2046 citatus
664 2004 727 2045 non
754 1985 943 2066 comparuit.

354 2092 478 2154 Eodem
503 2091 554 2152 die
580 2111 671 2152 causa
699 2092 780 2152 inter
802 2092 980 2152 Fabianum
999 2092 1221 2175 Duymowych
1246 2106 1277 2154 et
1301 2091 1511 2155 Valentinum

248 2197 426 2259 carnificem
463 2199 590 2259 racione
623 2198 787 2258 cuiusdam
814 2199 899 2277 equi,
926 2218 1021 2278 quem
1048 2199 1132 2258 idem
1164 2199 1354 2260 Valentinus
1386 2197 1511 2280 prefato

249 2304 393 2365 Fabiano
418 2305 456 2364 ad
482 2324 597 2384 pascua
615 2303 799 2380 tradiderat,
825 2305 878 2363 ubi
898 2303 982 2364 idem
1001 2304 1163 2364 Fabianus
1178 2324 1272 2365 suum
1295 2323 1416 2385 equum
1434 2324 1510 2366 cum

249 2430 333 2491 equo
348 2410 421 2472 dicti
434 2409 589 2471 carnificis
603 2410 763 2470 Valentini
779 2410 907 2470 insimul
923 2411 1196 2490 pascebanturubi
1210 2430 1278 2471 sors
1288 2410 1386 2489 dedit,
1396 2412 1511 2472 ambos

249 2516 329 2578 duos
353 2532 420 2577 tum
438 2517 512 2577 dicti
531 2517 692 2577 Valentini
710 2531 777 2575 tum
791 2517 891 2576 eciam
910 2517 1008 2596 ipsius
1018 2517 1150 2577 Fabiani
1170 2517 1254 2578 fures
1271 2518 1508 2596 subtraxerunt,

249 2622 340 2701 jurati
366 2623 600 2701 adjudicarunt,
625 2623 712 2702 quod
738 2642 775 2681 ex
804 2642 869 2702 quo
887 2621 1027 2702 prefatus
1051 2623 1213 2683 Fabianus
1238 2643 1295 2704 pro
1320 2624 1405 2685 dicto
1425 2643 1511 2706 equo

249 2730 389 2810 seipsum
415 2748 478 2789 non
505 2730 660 2809 obligavit
684 2747 741 2809 pro
767 2727 940 2804 furticini0.‚
965 2728 1020 2788 sed
1042 2728 1081 2788 ad
1107 2729 1300 2810 peticionem
1327 2729 1425 2811 ipsius
1448 2729 1511 2791 Va·

249 2835 361 2897 lentini
388 2836 471 2917 cepit
504 2835 624 2896 dictum
649 2854 768 2915 equum
794 2835 832 2894 ad
863 2836 1070 2915 pascendum,
1095 2835 1168 2895 ideo
1194 2840 1260 2897 lum
1286 2833 1427 2917 prefatus
1450 2835 1512 2896 Va·

250 2942 390 3002 lentinus
416 2940 554 3001 carnifex
573 2956 639 3000 tum
667 2942 767 3001 eciam
793 2941 896 3000 dictus
914 2940 1075 3000 Fabianus
1095 2960 1189 3022 super
1207 2941 1348 3022 dampno
1373 2939 1513 3002 debeant

252 3068 397 3122 manere3
423 3047 563 3129 prefatus
588 3067 662 3106 vero
688 3047 877 3107 Valentinus
912 3066 974 3107 non
1001 3062 1169 3108 contentus
1192 3048 1248 3108 sed
1273 3047 1446 3130 appellavit
1472 3047 1512 3109 ad

251 3156 392 3216 seniores
417 3155 547 3235 judices.

447 3389 542 3461 Feria
571 3401 668 3460 sexta
699 3395 730 3460 in
760 3392 845 3461 festo
876 3392 970 3461 beate
999 3390 1138 3478 Agnetis
1166 3389 1316 3478 virginis.

843 3546 917 3611 (sici.

359 3684 463 3745 Causa
489 3684 569 3743 inter
595 3683 785 3743 Michaclcm
812 3682 1019 3761 aurifabrum,
1046 3704 1242 3766 uxoremque
1268 3685 1346 3761 eius,
1371 3704 1406 3745 ac
1425 3684 1514 3744 Hans

253 3792 399 3852 similiter
424 3788 618 3850 aurifabrum
638 3791 765 3850 racione
791 3806 945 3851 certarum
972 3810 1076 3851 rerum
1094 3811 1150 3872 per
1167 3811 1298 3851 uxorem
1321 3811 1410 3851 suam
1430 3789 1514 3850 fura-

253 3914 356 3959 tarum
383 3912 412 3955 et
438 3917 492 3977 per
518 3896 656 3955 eundem
676 3896 765 3955 Hans
789 3897 977 3972 levaturum,
994 3897 1166 3976 uxorisque
1184 3915 1239 3956 sue
1265 3897 1295 3955 in
1322 3896 1420 3957 domo
1438 3896 1512 3956 dicti

255 4002 420 4064 Michaelis
445 4004 620 4076 verberate,
646 4003 698 4061 ubi
732 4003 835 4062 dictus
867 4003 955 4063 flans
987 4017 1054 4062 tum
1087 4003 1330 4082 percepcionem
1357 4003 1513 4064 dictarum

254 4129 360 4170 rerum
386 4108 559 4169 furatarum
592 4124 724 4188 tumque
751 4109 866 4168 dictam
902 4107 1138 4189 percussionem
1170 4108 1308 4187 negavit,
1342 4109 1395 4168 ubi
1421 4108 1513 4186 jurati

253 4216 486 4290 adjudicarunt,
511 4215 597 4294 quod
616 4215 699 4274 idem
728 4215 815 4274 flans
840 4212 916 4276 feria
933 4228 1017 4274 sexta
1043 4232 1106 4293 que
1131 4213 1189 4273 ecit
1213 4214 1245 4273 in
1269 4214 1513 4294 carnisprivium

255 4322 583 4383 metterciusdecimus
607 4322 665 4381 sibi
691 4322 850 4381 similibus
882 4320 912 4380 in
938 4319 1028 4380 altari
1061 4333 1168 4380 sancte
1194 4318 1307 4380 Crucis
1332 4320 1434 4391 jurare
1459 4321 1513 4381 de·

255 4430 342 4490 bebit
366 4428 453 4508 quod
479 4428 583 4487 nullas
609 4448 657 4488 res
681 4430 721 4488 ab
747 4427 859 4488 eadem
885 4425 1019 4486 muliere
1037 4425 1154 4487 levavit
1177 4441 1207 4486 et
1232 4445 1336 4506 neque
1362 4428 1514 4508 percepit,

255 4534 434 4613 juramento
460 4535 566 4614 itaque
592 4535 738 4614 deposito
763 4553 795 4594 se
820 4554 837 4593 a
862 4532 953 4593 dictis
974 4533 1068 4592 rebus
1093 4529 1203 4593 furatis
1227 4533 1433 4612 expurgabit;
1459 4534 1513 4594 ubi

255 4640 358 4701 dictus
383 4660 458 4700 vero
485 4640 573 4700 flans
597 4655 628 4701 et
652 4640 912 4701 verberacionem
929 4656 986 4699 seu
1006 4638 1243 4719 percussionem
1262 4636 1346 4699 dicte
1370 4636 1514 4699 mulieris

256 4747 355 4807 eciam
380 4748 518 4826 negavit,
532 4745 592 4807 hoc
610 4747 710 4808 eciam
728 4746 821 4826 jurati
839 4744 1073 4824 adjudicarunt,
1090 4742 1178 4825 quod
1196 4742 1281 4805 idem
1295 4742 1386 4805 flans
1398 4743 1512 4806 eodem
