3502 5264
624 298 826 379 Anno1483.
852 333 894 343 -
912 311 947 374 5.
972 298 1132 358 decembris.

773 511 945 574 lohannes.

774 618 945 698 Georgius.

776 725 947 805 Georgius.

775 830 969 893 Anthonius.

773 936 938 1000 Brelchck.

775 1042 912 1106 Mathec.

774 1149 918 1212 Emerih.

774 1256 922 1318 Michael.

776 1361 928 1424 Michula.

774 1468 898 1530 Valent.

772 1574 963 1656 Stephanus.

774 1680 916 1742 Barthol.

774 1785 880 1847 Pavel.

773 1893 896 1955 Gurko.

775 1999 913 2060 Maxian.

352 2195 430 2256 Item
464 2193 628 2275 prescripti
662 2192 824 2253 lohannes
855 2191 950 2269 judex
979 2205 1009 2251 et
1042 2190 1135 2269 jurati
1161 2209 1196 2251 ac
1229 2189 1404 2251 consiliarii
1437 2208 1509 2251 cum

247 2321 403 2364 consensu
429 2312 459 2361 et
483 2300 710 2360 commissione
735 2297 879 2359 unanimi
898 2316 932 2357 ac
958 2296 1110 2357 concordi
1136 2296 1300 2357 voluntate
1327 2310 1357 2356 et
1382 2295 1510 2358 decreto

246 2408 349 2469 tocius
372 2405 612 2468 communitatis
637 2403 899 2480 omniadecreta,
918 2416 1112 2463 statutatatn
1132 2403 1163 2462 in
1188 2403 1325 2482 presenti
1352 2421 1448 2482 quam
1476 2401 1509 2461 in

247 2513 388 2594 antiquis
412 2512 573 2572 kathernis
598 2510 713 2571 nostris
735 2523 883 2570 contenta
909 2523 939 2568 et
956 2509 1071 2589 scripta
1097 2508 1204 2589 quoad
1222 2527 1335 2568 omnes
1359 2506 1511 2568 articulos

248 2634 278 2682 et
303 2633 418 2700 puncta
444 2638 479 2678 ac
512 2616 670 2678 clausulas
704 2615 893 2676 eorumdem
927 2615 1126 2676 decretorum
1161 2628 1191 2676 et
1228 2628 1418 2675 statutorum
1452 2632 1508 2695 per

247 2740 351 2789 totum
385 2744 503 2786 annum
530 2724 684 2804 presentis
709 2722 866 2802 iudicatus
894 2722 993 2801 ipsius
1025 2721 1179 2782 Johannis
1202 2721 1316 2801 judicis
1341 2734 1371 2782 et
1395 2740 1508 2782 conse·

249 2847 383 2914 quenter
408 2832 558 2911 deinceps
584 2831 614 2890 in
640 2843 795 2911 perpetuo
813 2827 1064 2889 irrevocabiliter
1089 2826 1358 2888 confirmaverunt
1382 2847 1508 2909 semper

250 2938 383 3000 valitura
409 2952 438 2999 et
464 2936 596 2998 firmiter
621 2934 830 2997 observanda.

314 3173 407 3246 Feria
439 3183 534 3244 sexta
571 3172 720 3262 proxima
751 3180 828 3242 ante
856 3170 977 3242 festum
1016 3169 1105 3241 beati
1136 3170 1259 3242 Nicolai
1290 3175 1447 3262 episcopi.

761 3339 803 3400 (5.
827 3325 1000 3385 decembres).

356 3466 431 3526 ltem
458 3485 585 3527 causam
612 3466 692 3525 inter
717 3464 922 3525 Valentinum
956 3463 1136 3525 carnificem
1170 3480 1200 3526 et
1231 3463 1370 3527 famulos
1395 3467 1512 3529 Kelecz

251 3588 281 3635 et
307 3573 443 3634 Emerici
470 3572 549 3632 fabri
576 3591 633 3653 pro
658 3572 797 3652 quadam
831 3571 929 3631 domo
963 3590 1017 3652 per
1044 3571 1129 3652 ipsos
1160 3571 1313 3649 desolata,
1339 3588 1384 3635 est
1410 3575 1512 3655 prima

252 3693 376 3742 citacio.

358 3784 434 3846 ltem
462 3785 491 3844 in
517 3803 611 3845 causa
636 3784 717 3844 inter
743 3782 914 3844 Mikulicza
940 3797 970 3842 et
993 3782 1170 3864 Georgium
1189 3799 1329 3845 sutorem
1356 3805 1414 3867 pro
1432 3807 1513 3868 quo-

250 3891 323 3952 dam
349 3910 446 3971 equo,
475 3890 566 3969 jurati
592 3889 866 3967 adjudicaverunt,
891 3889 978 3969 quod
997 3887 1157 3969 Georgius
1180 3905 1269 3952 sutor
1292 3892 1387 3953 debet
1413 3893 1511 3975 depo·

251 4017 325 4057 nere
350 3996 563 4075 juramentum
597 3996 684 4056 solus
710 3996 739 4056 in
773 4015 825 4056 ara
859 4009 966 4056 sancte
999 3993 1113 4056 Crucis
1145 3993 1221 4057 feria
1254 4012 1341 4058 sexta
1367 4001 1513 4080 proxime

250 4116 396 4180 ventura,
431 4103 472 4163 ita
505 4103 592 4182 quod
626 4103 690 4183 ipse
724 4100 884 4181 Georgius
916 4121 980 4162 non
1018 4103 1189 4184 assumpsit
1220 4105 1359 4165 eundem
1393 4126 1512 4188 equum

251 4210 411 4273 custodire
437 4229 494 4270 nec
519 4224 565 4269 est
589 4207 774 4290 deperditus
798 4227 870 4269 cum
895 4209 1060 4270 voluntate
1086 4223 1116 4271 et
1140 4209 1221 4272 scitu
1245 4231 1314 4273 suo.

357 4316 433 4377 Item
460 4314 606 4376 similiter
631 4334 688 4395 pro
715 4314 830 4375 eodem
856 4333 941 4394 equo
962 4314 1146 4376 Anthonius
1170 4315 1274 4378 dictus
1299 4318 1401 4380 Janlro
1425 4319 1512 4380 simi·

251 4425 324 4486 liter
348 4425 443 4486 debet
467 4424 629 4504 deponere
655 4422 868 4502 juramentum
895 4422 983 4503 quod
1008 4423 1075 4504 ipse
1092 4443 1156 4486 non
1182 4439 1345 4507 receperat
1369 4427 1509 4487 eundem

251 4550 371 4614 equum
397 4550 501 4613 neque
526 4544 572 4591 est
596 4529 739 4611 perditus
763 4547 835 4590 cum
860 4547 919 4589 suo
943 4529 1033 4592 scitu.

357 4637 435 4700 ltem
460 4655 587 4699 causam
612 4637 693 4698 inter
718 4634 849 4697 Gallum
884 4633 1039 4697 Kodelicz
1064 4651 1094 4698 et
1118 4636 1274 4699 iacobum
1300 4651 1331 4700 et
1355 4637 1511 4699 Valentek

250 4744 519 4829 proquibusdam
537 4742 755 4822 straminibus,
772 4739 886 4804 Gallus
902 4741 1076 4825 appellavit
1094 4743 1134 4807 sd
1152 4743 1296 4808 seniores
1311 4745 1388 4828 quia
1404 4743 1510 4807 eidem
