3502 5264
634 348 838 429 Ann01484.
865 386 903 394 —
928 362 977 428 27.
1001 351 1134 431 augusti.

764 563 957 625 Anthonius.

762 669 931 731 Fabianus.

762 775 883 837 Petrus.

761 882 966 944 Laurentius.

764 989 955 1070 Stephanus.

760 1095 923 1158 Nicolaus.

759 1202 906 1264 Michael.
991 1194 994 1201 ’

762 1308 953 1390 Stephanus.

761 1415 932 1478 lohannes.

761 1521 937 1586 Emericus.

761 1628 948 1710 Gregorius.

760 1735 959 1800 Valentinus.

672 1922 674 1929 y
761 1843 917 1904 Martinus
941 1843 1019 1905 alias
1048 1842 1193 1905 Sthansa.

760 1949 907 2012 Mathias.

759 2054 944 2136 Gregorius.

274 2302 370 2377 Feria
400 2315 498 2378 sexta
527 2311 682 2396 proxima
710 2317 789 2382 ante
825 2310 948 2382 festum
987 2308 1075 2382 beati
1103 2306 1281 2398 Augustini
1319 2309 1480 2379 doctoris.

764 2463 825 2540 (27.
848 2463 990 2538 augusti).

353 2599 430 2661 Item
463 2602 495 2662 in
521 2621 613 2664 causa
647 2603 729 2665 inter
761 2603 846 2664 lwau
879 2602 1017 2685 juratum
1047 2617 1077 2664 et
1110 2602 1311 2665 Demetrium
1342 2615 1508 2680 sartorem,

246 2707 385 2768 secunda
411 2708 536 2786 citatio,
562 2728 626 2770 non
651 2711 831 2792 comparuit
856 2709 1038 2772 Demetrius
1061 2723 1173 2771 sartor.

353 2832 430 2894 ltem
455 2853 549 2895 causa
574 2834 656 2895 inter
672 2834 881 2896 Valentinum
900 2834 1018 2916 Sporar
1042 2848 1073 2894 et
1094 2833 1222 2895 Petrum
1239 2831 1506 2916 pancz(erarium)

247 2938 374 2999 racione
400 2940 616 3019 quorumdam
641 2942 868 3023 dampnorum,
893 2941 1032 3002 secunda
1057 2940 1181 3002 citacio.

352 3064 428 3125 ltern
456 3065 486 3124 in
512 3085 605 3127 causa
631 3066 713 3126 inter
730 3066 937 3127 Valentinum
961 3079 1101 3127 sutorem
1128 3079 1159 3128 et
1181 3063 1311 3127 Gallum
1339 3063 1506 3147 Kudelycz

246 3167 339 3249 jurati
364 3169 628 3248 adjudicaverunt
654 3185 782 3254 propter
799 3172 1021 3233 vadiacionem
1047 3186 1077 3233 et
1100 3171 1320 3253 receptionem
1339 3171 1504 3232 cuiusdam

246 3275 360 3335 ancille
385 3277 567 3355 servitricis,
592 3297 689 3358 quarn
715 3278 799 3338 idem
830 3277 944 3340 Gallus
978 3278 1159 3340 radiaverat
1192 3278 1223 3338 in
1248 3278 1348 3338 libera
1374 3277 1424 3337 via
1448 3297 1503 3359 po·

245 3382 348 3442 tencia
374 3383 551 3458 mediante3
578 3384 637 3445 hoc
662 3384 686 3444 si
720 3384 894 3463 judicatum
929 3383 1038 3445 luisset
1062 3399 1207 3466 ternpore
1239 3383 1397 3464 judicatus
1429 3383 1505 3444 anni

246 3489 383 3569 preteriti
399 3489 484 3550 idem
500 3489 613 3551 Gallus
627 3489 736 3551 luisset
749 3490 938 3572 (convictus)
952 3490 1060 3568 judici,
1078 3490 1186 3570 juratis
1201 3491 1231 3551 in
1247 3491 1321 3550 vivo
1338 3489 1502 3570 homagio,

245 3595 300 3654 sed
319 3615 402 3656 nunc
424 3610 566 3678 tempore
591 3597 746 3677 presentis
769 3596 927 3676 judicatus
944 3611 989 3658 est
1013 3597 1044 3657 in
1070 3597 1207 3677 birsagio
1225 3610 1334 3659 contra
1352 3595 1502 3677 judicem,

245 3699 364 3780 juratos
388 3715 418 3762 et
443 3716 551 3763 contra
585 3703 689 3784 ipsum
722 3703 929 3763 Valentinum
962 3717 1104 3764 sutorem
1137 3704 1167 3763 in
1201 3703 1326 3763 duabus
1349 3702 1504 3784 partibus,

245 3808 342 3867 tercia
367 3822 474 3869 autem
501 3829 571 3891 pars
596 3810 723 3889 birsagii
750 3824 796 3870 est
821 3829 885 3891 quo
910 3828 1022 3891 pacem
1048 3808 1121 3870 fecit
1145 3829 1217 3870 cum
1243 3808 1298 3870 illa
1322 3808 1448 3872 ancilla.

351 3931 428 3993 ltem
454 3933 538 3993 idern
564 3933 721 4014 causa(n)s
745 3933 880 3994 eandem
914 3953 1041 3994 causam
1066 3934 1105 3994 ad
1138 3934 1279 3994 seniores
1304 3933 1405 4016 ipsam
1431 3952 1504 3995 cau·

245 4058 312 4099 sam
338 4038 522 4121 appellavit.

352 4165 429 4227 ltem
455 4184 547 4227 causa
571 4166 652 4227 inter
676 4165 883 4226 Valentinum
909 4181 939 4226 et
964 4166 1084 4226 dictum
1114 4164 1245 4227 Gallum
1273 4164 1439 4247 Kudelycz
1456 4184 1503 4226 ra·

245 4272 337 4334 cione
363 4273 578 4354 quorumdam
604 4292 761 4354 equorum
786 4291 842 4353 per
867 4272 970 4354 ipsum
996 4271 1202 4333 Valentinum
1227 4271 1259 4332 in
1285 4272 1426 4353 dampno
1451 4291 1504 4333 va·

246 4379 419 4456 diatorum,
445 4378 555 4440 famuli
580 4379 680 4461 ipsius
712 4378 872 4439 Valentini
906 4379 1022 4439 sutoris
1053 4378 1189 4459 quilibet
1213 4379 1355 4460 ipsorum
1387 4377 1506 4459 jurabit

246 4484 429 4546 terciusmet
456 4487 486 4546 in
512 4506 564 4547 ara
589 4501 695 4547 sancte
721 4484 833 4547 Crucis
865 4486 942 4566 ipsis
973 4485 1143 4564 similibus,
1168 4499 1198 4546 et
1230 4486 1273 4546 sic
1299 4485 1365 4566 ipse
1391 4482 1505 4546 Gallus

246 4592 455 4654 convincetur
480 4593 511 4652 in
537 4593 683 4672 potencia
701 4605 809 4653 contra
836 4592 939 4673 ipsum
957 4592 1164 4653 Valentinum
1189 4605 1221 4654 et
1237 4592 1415 4674 dampnum
1431 4610 1503 4675 per·

244 4697 345 4774 solvi;
370 4698 455 4760 idem
482 4697 595 4761 Gallus
619 4714 649 4761 et
666 4700 801 4763 eandem
826 4717 954 4760 causam
979 4697 1153 4780 appellavit
1177 4718 1208 4758 rn
1233 4698 1431 4780 presenciam
1455 4718 1504 4761 se·

245 4805 374 4868 niorurn
401 4803 555 4889 judicum.
