<?xml version="1.0" encoding="UTF-8"?>
<!DOCTYPE html PUBLIC "-//W3C//DTD XHTML 1.0 Transitional//EN"
    "http://www.w3.org/TR/xhtml1/DTD/xhtml1-transitional.dtd">
<html xmlns="http://www.w3.org/1999/xhtml" xml:lang="en" lang="en">
 <head>
  <title>
</title>
<meta http-equiv="Content-Type" content="text/html;charset=utf-8" />
  <meta name='ocr-system' content='tesseract 3.04.00' />
  <meta name='ocr-capabilities' content='ocr_page ocr_carea ocr_par ocr_line ocrx_word'/>
</head>
<body>
  <div class='ocr_page' id='page_1' title='image "./monumentahistor03laszgoog_0253.png"; bbox 0 0 3502 5264; ppageno 0'>
   <div class='ocr_carea' id='block_1_1' title="bbox 249 326 1131 403">
    <p class='ocr_par' dir='ltr' id='par_1_1' title="bbox 249 326 1131 403">
     <span class='ocr_line' id='line_1_1' title="bbox 249 326 1131 403; baseline 0.002 -17"><span class='ocrx_word' id='word_1_1' title='bbox 249 326 310 386; x_wconf 83' lang='lat'>218</span> <span class='ocrx_word' id='word_1_2' title='bbox 612 328 699 386; x_wconf 83' lang='lat' dir='ltr'>Anno</span> <span class='ocrx_word' id='word_1_3' title='bbox 720 338 809 401; x_wconf 83' lang='lat'><em>1522.</em></span> <span class='ocrx_word' id='word_1_4' title='bbox 834 361 877 371; x_wconf 95' lang='lat'>-</span> <span class='ocrx_word' id='word_1_5' title='bbox 900 341 950 403; x_wconf 89' lang='lat'>19.</span> <span class='ocrx_word' id='word_1_6' title='bbox 974 328 1131 389; x_wconf 76' lang='lat' dir='ltr'><em>decembris.</em></span> 
     </span>
    </p>
   </div>
   <div class='ocr_carea' id='block_1_2' title="bbox 244 543 1509 2264">
    <p class='ocr_par' dir='ltr' id='par_1_2' title="bbox 282 543 1472 757">
     <span class='ocr_line' id='line_1_2' title="bbox 282 543 1472 647; baseline 0.002 -30"><span class='ocrx_word' id='word_1_7' title='bbox 282 543 376 618; x_wconf 81' lang='lat' dir='ltr'>Faria</span> <span class='ocrx_word' id='word_1_8' title='bbox 404 553 529 635; x_wconf 82' lang='lat' dir='ltr'>quarta</span> <span class='ocrx_word' id='word_1_9' title='bbox 558 545 710 635; x_wconf 84' lang='lat' dir='ltr'>proxima</span> <span class='ocrx_word' id='word_1_10' title='bbox 739 552 817 634; x_wconf 86' lang='lat' dir='ltr'>post</span> <span class='ocrx_word' id='word_1_11' title='bbox 845 546 968 618; x_wconf 84' lang='lat' dir='ltr'>festum</span> <span class='ocrx_word' id='word_1_12' title='bbox 995 546 1085 617; x_wconf 86' lang='lat' dir='ltr'>beati</span> <span class='ocrx_word' id='word_1_13' title='bbox 1113 546 1277 647; x_wconf 71' lang='lat' dir='ltr'>johannis</span> <span class='ocrx_word' id='word_1_14' title='bbox 1307 547 1472 637; x_wconf 80' lang='lat' dir='ltr'>baptiste.</span> 
     </span>
     <span class='ocr_line' id='line_1_3' title="bbox 782 680 971 757; baseline 0.011 -19"><span class='ocrx_word' id='word_1_15' title='bbox 782 684 845 756; x_wconf 85' lang='lat'>(25.</span> <span class='ocrx_word' id='word_1_16' title='bbox 862 680 971 757; x_wconf 85' lang='lat' dir='ltr'>junii).</span> 
     </span>
    </p>

    <p class='ocr_par' dir='ltr' id='par_1_3' title="bbox 244 803 1509 1522">
     <span class='ocr_line' id='line_1_4' title="bbox 352 803 1505 889; baseline 0.002 -25"><span class='ocrx_word' id='word_1_17' title='bbox 352 806 418 865; x_wconf 93' lang='lat' dir='ltr'>Nos</span> <span class='ocrx_word' id='word_1_18' title='bbox 442 805 584 867; x_wconf 86' lang='lat' dir='ltr'>seniores</span> <span class='ocrx_word' id='word_1_19' title='bbox 608 805 730 885; x_wconf 80' lang='lat' dir='ltr'>judices</span> <span class='ocrx_word' id='word_1_20' title='bbox 745 804 901 889; x_wconf 82' lang='lat' dir='ltr'>prefatam</span> <span class='ocrx_word' id='word_1_21' title='bbox 927 824 1054 866; x_wconf 88' lang='lat' dir='ltr'>causam</span> <span class='ocrx_word' id='word_1_22' title='bbox 1073 805 1154 867; x_wconf 89' lang='lat' dir='ltr'>inter</span> <span class='ocrx_word' id='word_1_23' title='bbox 1179 805 1387 866; x_wconf 87' lang='lat' dir='ltr'>Katherinam</span> <span class='ocrx_word' id='word_1_24' title='bbox 1405 803 1505 867; x_wconf 87' lang='lat' dir='ltr'>filiam</span> 
     </span>
     <span class='ocr_line' id='line_1_5' title="bbox 245 910 1505 993; baseline -0.001 -21"><span class='ocrx_word' id='word_1_25' title='bbox 245 910 400 972; x_wconf 80' lang='lat' dir='ltr'>iohannis</span> <span class='ocrx_word' id='word_1_26' title='bbox 424 910 619 993; x_wconf 88' lang='lat' dir='ltr'>Zrebrarych</span> <span class='ocrx_word' id='word_1_27' title='bbox 645 926 675 973; x_wconf 91' lang='lat' dir='ltr'>et</span> <span class='ocrx_word' id='word_1_28' title='bbox 704 912 868 973; x_wconf 89' lang='lat' dir='ltr'>Matheum</span> <span class='ocrx_word' id='word_1_29' title='bbox 901 911 1050 972; x_wconf 89' lang='lat' dir='ltr'>vitricum</span> <span class='ocrx_word' id='word_1_30' title='bbox 1074 910 1217 972; x_wconf 89' lang='lat' dir='ltr'>eiusdem</span> <span class='ocrx_word' id='word_1_31' title='bbox 1249 910 1357 991; x_wconf 92' lang='lat' dir='ltr'>quoad</span> <span class='ocrx_word' id='word_1_32' title='bbox 1382 930 1505 992; x_wconf 87' lang='lat' dir='ltr'>posses·</span> 
     </span>
     <span class='ocr_line' id='line_1_6' title="bbox 246 1015 1508 1098; baseline 0.001 -22"><span class='ocrx_word' id='word_1_33' title='bbox 246 1016 369 1077; x_wconf 89' lang='lat' dir='ltr'>sionem</span> <span class='ocrx_word' id='word_1_34' title='bbox 396 1016 620 1077; x_wconf 87' lang='lat' dir='ltr'>hereditariam</span> <span class='ocrx_word' id='word_1_35' title='bbox 646 1037 702 1098; x_wconf 88' lang='lat' dir='ltr'>per</span> <span class='ocrx_word' id='word_1_36' title='bbox 725 1017 835 1078; x_wconf 89' lang='lat' dir='ltr'>omnia</span> <span class='ocrx_word' id='word_1_37' title='bbox 859 1029 955 1098; x_wconf 89' lang='lat' dir='ltr'>prout</span> <span class='ocrx_word' id='word_1_38' title='bbox 979 1016 1072 1097; x_wconf 90' lang='lat' dir='ltr'>jurati</span> <span class='ocrx_word' id='word_1_39' title='bbox 1090 1015 1315 1095; x_wconf 80' lang='lat' dir='ltr'>adjudicarunt</span> <span class='ocrx_word' id='word_1_40' title='bbox 1339 1015 1508 1078; x_wconf 85' lang='lat' dir='ltr'>confirma·</span> 
     </span>
     <span class='ocr_line' id='line_1_7' title="bbox 245 1120 1509 1205; baseline 0.001 -24"><span class='ocrx_word' id='word_1_41' title='bbox 245 1122 360 1199; x_wconf 87' lang='lat' dir='ltr'>vimus,</span> <span class='ocrx_word' id='word_1_42' title='bbox 385 1135 553 1203; x_wconf 87' lang='lat' dir='ltr'>propterea</span> <span class='ocrx_word' id='word_1_43' title='bbox 580 1122 652 1183; x_wconf 89' lang='lat' dir='ltr'>illos</span> <span class='ocrx_word' id='word_1_44' title='bbox 676 1123 789 1204; x_wconf 84' lang='lat' dir='ltr'>viginti</span> <span class='ocrx_word' id='word_1_45' title='bbox 826 1120 895 1183; x_wconf 89' lang='lat' dir='ltr'>flor.</span> <span class='ocrx_word' id='word_1_46' title='bbox 929 1141 1011 1201; x_wconf 91' lang='lat' dir='ltr'>quos</span> <span class='ocrx_word' id='word_1_47' title='bbox 1036 1121 1198 1183; x_wconf 79' lang='lat' dir='ltr'>lohannes</span> <span class='ocrx_word' id='word_1_48' title='bbox 1230 1120 1425 1205; x_wconf 88' lang='lat' dir='ltr'>Zrebrarych</span> <span class='ocrx_word' id='word_1_49' title='bbox 1450 1139 1509 1202; x_wconf 89' lang='lat' dir='ltr'>pro</span> 
     </span>
     <span class='ocr_line' id='line_1_8' title="bbox 244 1226 1507 1310; baseline 0 -21"><span class='ocrx_word' id='word_1_50' title='bbox 244 1228 350 1289; x_wconf 90' lang='lat' dir='ltr'>anima</span> <span class='ocrx_word' id='word_1_51' title='bbox 387 1227 517 1308; x_wconf 81' lang='lat' dir='ltr'>legarat,</span> <span class='ocrx_word' id='word_1_52' title='bbox 554 1244 649 1310; x_wconf 91' lang='lat' dir='ltr'>prout</span> <span class='ocrx_word' id='word_1_53' title='bbox 681 1241 766 1309; x_wconf 88' lang='lat' dir='ltr'>patet</span> <span class='ocrx_word' id='word_1_54' title='bbox 802 1229 832 1288; x_wconf 90' lang='lat' dir='ltr'>in</span> <span class='ocrx_word' id='word_1_55' title='bbox 867 1241 1068 1305; x_wconf 80' lang='lat' dir='ltr'>testamento,</span> <span class='ocrx_word' id='word_1_56' title='bbox 1100 1226 1309 1309; x_wconf 83' lang='lat' dir='ltr'>exponendos</span> <span class='ocrx_word' id='word_1_57' title='bbox 1332 1228 1382 1288; x_wconf 91' lang='lat' dir='ltr'>cui</span> <span class='ocrx_word' id='word_1_58' title='bbox 1416 1227 1507 1289; x_wconf 87' lang='lat' dir='ltr'>cedet</span> 
     </span>
     <span class='ocr_line' id='line_1_9' title="bbox 246 1333 1506 1416; baseline 0 -20"><span class='ocrx_word' id='word_1_59' title='bbox 246 1335 403 1416; x_wconf 84' lang='lat' dir='ltr'>possessio</span> <span class='ocrx_word' id='word_1_60' title='bbox 429 1333 610 1416; x_wconf 90' lang='lat' dir='ltr'>persolvere</span> <span class='ocrx_word' id='word_1_61' title='bbox 628 1335 742 1397; x_wconf 89' lang='lat' dir='ltr'>debeat</span> <span class='ocrx_word' id='word_1_62' title='bbox 767 1334 990 1396; x_wconf 83' lang='lat' dir='ltr'>executoribus</span> <span class='ocrx_word' id='word_1_63' title='bbox 1006 1333 1149 1394; x_wconf 87' lang='lat' dir='ltr'>eiusdem</span> <span class='ocrx_word' id='word_1_64' title='bbox 1175 1333 1347 1410; x_wconf 86' lang='lat' dir='ltr'>lohannis;</span> <span class='ocrx_word' id='word_1_65' title='bbox 1372 1347 1506 1415; x_wconf 88' lang='lat' dir='ltr'>utraque</span> 
     </span>
     <span class='ocr_line' id='line_1_10' title="bbox 245 1440 968 1522; baseline -0.001 -21"><span class='ocrx_word' id='word_1_66' title='bbox 245 1460 318 1522; x_wconf 90' lang='lat' dir='ltr'>pars</span> <span class='ocrx_word' id='word_1_67' title='bbox 343 1440 381 1500; x_wconf 90' lang='lat' dir='ltr'>de</span> <span class='ocrx_word' id='word_1_68' title='bbox 407 1440 526 1517; x_wconf 82' lang='lat' dir='ltr'>judicio</span> <span class='ocrx_word' id='word_1_69' title='bbox 550 1441 713 1501; x_wconf 87' lang='lat' dir='ltr'>seniorum</span> <span class='ocrx_word' id='word_1_70' title='bbox 739 1457 784 1501; x_wconf 90' lang='lat' dir='ltr'>est</span> <span class='ocrx_word' id='word_1_71' title='bbox 809 1454 968 1502; x_wconf 89' lang='lat' dir='ltr'>contenta.</span> 
     </span>
    </p>

    <p class='ocr_par' dir='ltr' id='par_1_4' title="bbox 246 1543 1507 2264">
     <span class='ocr_line' id='line_1_11' title="bbox 352 1543 1505 1627; baseline -0.002 -21"><span class='ocrx_word' id='word_1_72' title='bbox 352 1546 429 1608; x_wconf 89' lang='lat' dir='ltr'>ltem</span> <span class='ocrx_word' id='word_1_73' title='bbox 455 1546 569 1607; x_wconf 91' lang='lat' dir='ltr'>eodem</span> <span class='ocrx_word' id='word_1_74' title='bbox 595 1547 657 1624; x_wconf 89' lang='lat' dir='ltr'>die,</span> <span class='ocrx_word' id='word_1_75' title='bbox 682 1547 765 1608; x_wconf 91' lang='lat' dir='ltr'>inter</span> <span class='ocrx_word' id='word_1_76' title='bbox 788 1546 967 1608; x_wconf 76' lang='lat' dir='ltr'>iohannem</span> <span class='ocrx_word' id='word_1_77' title='bbox 994 1544 1224 1627; x_wconf 88' lang='lat' dir='ltr'>Lonchyarych</span> <span class='ocrx_word' id='word_1_78' title='bbox 1254 1557 1283 1605; x_wconf 88' lang='lat' dir='ltr'>et</span> <span class='ocrx_word' id='word_1_79' title='bbox 1308 1543 1505 1606; x_wconf 76' lang='lat' dir='ltr'>Dorotheum</span> 
     </span>
     <span class='ocr_line' id='line_1_12' title="bbox 246 1650 1506 1733; baseline -0.002 -20"><span class='ocrx_word' id='word_1_80' title='bbox 246 1653 389 1713; x_wconf 86' lang='lat' dir='ltr'>relictam</span> <span class='ocrx_word' id='word_1_81' title='bbox 415 1651 566 1733; x_wconf 84' lang='lat' dir='ltr'>Stephani</span> <span class='ocrx_word' id='word_1_82' title='bbox 586 1652 749 1730; x_wconf 83' lang='lat' dir='ltr'>institoris,</span> <span class='ocrx_word' id='word_1_83' title='bbox 768 1653 822 1733; x_wconf 91' lang='lat' dir='ltr'>qui</span> <span class='ocrx_word' id='word_1_84' title='bbox 851 1672 883 1713; x_wconf 89' lang='lat' dir='ltr'>se</span> <span class='ocrx_word' id='word_1_85' title='bbox 908 1652 1026 1712; x_wconf 87' lang='lat' dir='ltr'>mutuis</span> <span class='ocrx_word' id='word_1_86' title='bbox 1042 1650 1211 1712; x_wconf 86' lang='lat' dir='ltr'>affecerant</span> <span class='ocrx_word' id='word_1_87' title='bbox 1229 1651 1394 1731; x_wconf 87' lang='lat' dir='ltr'>vituperiis</span> <span class='ocrx_word' id='word_1_88' title='bbox 1411 1663 1506 1732; x_wconf 90' lang='lat' dir='ltr'>prout</span> 
     </span>
     <span class='ocr_line' id='line_1_13' title="bbox 247 1757 1507 1839; baseline -0.002 -20"><span class='ocrx_word' id='word_1_89' title='bbox 247 1758 332 1820; x_wconf 90' lang='lat' dir='ltr'>idem</span> <span class='ocrx_word' id='word_1_90' title='bbox 359 1779 395 1819; x_wconf 86' lang='lat' dir='ltr'>ex</span> <span class='ocrx_word' id='word_1_91' title='bbox 421 1759 626 1820; x_wconf 82' lang='lat' dir='ltr'>attestacione</span> <span class='ocrx_word' id='word_1_92' title='bbox 644 1759 772 1820; x_wconf 90' lang='lat' dir='ltr'>testium</span> <span class='ocrx_word' id='word_1_93' title='bbox 791 1759 903 1839; x_wconf 89' lang='lat' dir='ltr'>patuit,</span> <span class='ocrx_word' id='word_1_94' title='bbox 926 1758 1017 1838; x_wconf 79' lang='lat' dir='ltr'>jurati</span> <span class='ocrx_word' id='word_1_95' title='bbox 1036 1757 1269 1838; x_wconf 88' lang='lat' dir='ltr'>adjudicarunt,</span> <span class='ocrx_word' id='word_1_96' title='bbox 1294 1757 1407 1839; x_wconf 78' lang='lat' dir='ltr'>(quod)</span> <span class='ocrx_word' id='word_1_97' title='bbox 1425 1776 1507 1819; x_wconf 92' lang='lat' dir='ltr'>unus</span> 
     </span>
     <span class='ocr_line' id='line_1_14' title="bbox 247 1860 1506 1945; baseline -0.002 -19"><span class='ocrx_word' id='word_1_98' title='bbox 247 1865 336 1926; x_wconf 88' lang='lat' dir='ltr'>alteri</span> <span class='ocrx_word' id='word_1_99' title='bbox 362 1865 393 1925; x_wconf 88' lang='lat' dir='ltr'>in</span> <span class='ocrx_word' id='word_1_100' title='bbox 420 1865 530 1926; x_wconf 91' lang='lat' dir='ltr'>decem</span> <span class='ocrx_word' id='word_1_101' title='bbox 557 1865 673 1945; x_wconf 89' lang='lat' dir='ltr'>pensis,</span> <span class='ocrx_word' id='word_1_102' title='bbox 698 1864 857 1945; x_wconf 81' lang='lat' dir='ltr'>judicibus</span> <span class='ocrx_word' id='word_1_103' title='bbox 889 1864 920 1924; x_wconf 94' lang='lat' dir='ltr'>in</span> <span class='ocrx_word' id='word_1_104' title='bbox 946 1864 1085 1924; x_wconf 86' lang='lat' dir='ltr'>denariis</span> <span class='ocrx_word' id='word_1_105' title='bbox 1110 1879 1237 1926; x_wconf 88' lang='lat' dir='ltr'>centum</span> <span class='ocrx_word' id='word_1_106' title='bbox 1262 1863 1428 1925; x_wconf 83' lang='lat' dir='ltr'>convictus</span> <span class='ocrx_word' id='word_1_107' title='bbox 1451 1860 1506 1924; x_wconf 88' lang='lat' dir='ltr'>ha·</span> 
     </span>
     <span class='ocr_line' id='line_1_15' title="bbox 246 1969 1505 2054; baseline -0.002 -23"><span class='ocrx_word' id='word_1_108' title='bbox 246 1972 374 2046; x_wconf 89' lang='lat' dir='ltr'>beatur;</span> <span class='ocrx_word' id='word_1_109' title='bbox 399 1989 494 2051; x_wconf 91' lang='lat' dir='ltr'>super</span> <span class='ocrx_word' id='word_1_110' title='bbox 526 1989 591 2051; x_wconf 91' lang='lat' dir='ltr'>quo</span> <span class='ocrx_word' id='word_1_111' title='bbox 624 1970 785 2031; x_wconf 89' lang='lat' dir='ltr'>lohannes</span> <span class='ocrx_word' id='word_1_112' title='bbox 818 1969 1049 2054; x_wconf 88' lang='lat' dir='ltr'>Lonchyarycb</span> <span class='ocrx_word' id='word_1_113' title='bbox 1083 1988 1147 2031; x_wconf 91' lang='lat' dir='ltr'>non</span> <span class='ocrx_word' id='word_1_114' title='bbox 1183 1983 1350 2031; x_wconf 88' lang='lat' dir='ltr'>contentus</span> <span class='ocrx_word' id='word_1_115' title='bbox 1379 1988 1505 2030; x_wconf 88' lang='lat' dir='ltr'>causam</span> 
     </span>
     <span class='ocr_line' id='line_1_16' title="bbox 247 2075 1507 2157; baseline 0 -21"><span class='ocrx_word' id='word_1_116' title='bbox 247 2077 348 2157; x_wconf 88' lang='lat' dir='ltr'>ipsam</span> <span class='ocrx_word' id='word_1_117' title='bbox 373 2096 445 2137; x_wconf 90' lang='lat' dir='ltr'>cum</span> <span class='ocrx_word' id='word_1_118' title='bbox 470 2095 528 2137; x_wconf 92' lang='lat' dir='ltr'>suo</span> <span class='ocrx_word' id='word_1_119' title='bbox 554 2095 703 2157; x_wconf 89' lang='lat' dir='ltr'>processu</span> <span class='ocrx_word' id='word_1_120' title='bbox 720 2076 760 2136; x_wconf 92' lang='lat' dir='ltr'>ad</span> <span class='ocrx_word' id='word_1_121' title='bbox 783 2075 939 2157; x_wconf 87' lang='lat' dir='ltr'>judicium</span> <span class='ocrx_word' id='word_1_122' title='bbox 964 2076 1127 2137; x_wconf 88' lang='lat' dir='ltr'>seniorum</span> <span class='ocrx_word' id='word_1_123' title='bbox 1152 2075 1295 2157; x_wconf 89' lang='lat' dir='ltr'>judicum</span> <span class='ocrx_word' id='word_1_124' title='bbox 1319 2075 1507 2156; x_wconf 89' lang='lat' dir='ltr'>provocavit</span> 
     </span>
     <span class='ocr_line' id='line_1_17' title="bbox 246 2183 483 2264; baseline 0.008 -21"><span class='ocrx_word' id='word_1_125' title='bbox 246 2198 276 2243; x_wconf 90' lang='lat' dir='ltr'>et</span> <span class='ocrx_word' id='word_1_126' title='bbox 300 2183 483 2264; x_wconf 88' lang='lat' dir='ltr'>appellavit.</span> 
     </span>
    </p>
   </div>
   <div class='ocr_carea' id='block_1_3' title="bbox 440 2347 1309 2559">
    <p class='ocr_par' dir='ltr' id='par_1_5' title="bbox 440 2347 1309 2559">
     <span class='ocr_line' id='line_1_18' title="bbox 440 2347 1309 2438; baseline -0.001 -18"><span class='ocrx_word' id='word_1_127' title='bbox 440 2348 533 2422; x_wconf 82' lang='lat' dir='ltr'>Faria</span> <span class='ocrx_word' id='word_1_128' title='bbox 562 2358 660 2421; x_wconf 83' lang='lat' dir='ltr'>sexta</span> <span class='ocrx_word' id='word_1_129' title='bbox 689 2361 767 2422; x_wconf 87' lang='lat' dir='ltr'>ante</span> <span class='ocrx_word' id='word_1_130' title='bbox 795 2350 916 2421; x_wconf 85' lang='lat' dir='ltr'>festam</span> <span class='ocrx_word' id='word_1_131' title='bbox 947 2347 1128 2421; x_wconf 84' lang='lat' dir='ltr'>llathetine</span> <span class='ocrx_word' id='word_1_132' title='bbox 1156 2351 1309 2438; x_wconf 81' lang='lat' dir='ltr'>virginis.</span> 
     </span>
     <span class='ocr_line' id='line_1_19' title="bbox 742 2486 1008 2559; baseline 0.011 -19"><span class='ocrx_word' id='word_1_133' title='bbox 742 2488 801 2559; x_wconf 84' lang='lat'>(21.</span> <span class='ocrx_word' id='word_1_134' title='bbox 826 2486 1008 2559; x_wconf 81' lang='lat' dir='ltr'>novembris).</span> 
     </span>
    </p>
   </div>
   <div class='ocr_carea' id='block_1_4' title="bbox 245 2606 1505 3217">
    <p class='ocr_par' dir='ltr' id='par_1_6' title="bbox 245 2606 1505 3217">
     <span class='ocr_line' id='line_1_20' title="bbox 352 2606 1505 2689; baseline 0 -22"><span class='ocrx_word' id='word_1_135' title='bbox 352 2607 384 2667; x_wconf 92' lang='lat' dir='ltr'>ln</span> <span class='ocrx_word' id='word_1_136' title='bbox 410 2627 503 2669; x_wconf 89' lang='lat' dir='ltr'>causa</span> <span class='ocrx_word' id='word_1_137' title='bbox 528 2608 610 2668; x_wconf 88' lang='lat' dir='ltr'>inter</span> <span class='ocrx_word' id='word_1_138' title='bbox 634 2608 795 2668; x_wconf 80' lang='lat' dir='ltr'>Andream</span> <span class='ocrx_word' id='word_1_139' title='bbox 829 2608 1063 2689; x_wconf 84' lang='lat' dir='ltr'>carpentarium</span> <span class='ocrx_word' id='word_1_140' title='bbox 1097 2621 1127 2668; x_wconf 91' lang='lat' dir='ltr'>et</span> <span class='ocrx_word' id='word_1_141' title='bbox 1152 2608 1295 2669; x_wconf 89' lang='lat' dir='ltr'>Marcum</span> <span class='ocrx_word' id='word_1_142' title='bbox 1320 2606 1505 2688; x_wconf 86' lang='lat' dir='ltr'>pellificem,</span> 
     </span>
     <span class='ocr_line' id='line_1_21' title="bbox 245 2713 1505 2795; baseline 0 -21"><span class='ocrx_word' id='word_1_143' title='bbox 245 2713 320 2793; x_wconf 89' lang='lat' dir='ltr'>quia</span> <span class='ocrx_word' id='word_1_144' title='bbox 345 2713 473 2774; x_wconf 89' lang='lat' dir='ltr'>videbat</span> <span class='ocrx_word' id='word_1_145' title='bbox 498 2713 637 2795; x_wconf 85' lang='lat' dir='ltr'>prelatus</span> <span class='ocrx_word' id='word_1_146' title='bbox 663 2714 806 2774; x_wconf 80' lang='lat' dir='ltr'>Andreas</span> <span class='ocrx_word' id='word_1_147' title='bbox 838 2713 958 2774; x_wconf 91' lang='lat' dir='ltr'>dictum</span> <span class='ocrx_word' id='word_1_148' title='bbox 984 2713 1128 2774; x_wconf 86' lang='lat' dir='ltr'>Marcum</span> <span class='ocrx_word' id='word_1_149' title='bbox 1162 2714 1193 2773; x_wconf 92' lang='lat' dir='ltr'>in</span> <span class='ocrx_word' id='word_1_150' title='bbox 1219 2713 1312 2774; x_wconf 89' lang='lat' dir='ltr'>vinea</span> <span class='ocrx_word' id='word_1_151' title='bbox 1335 2732 1392 2774; x_wconf 93' lang='lat' dir='ltr'>sua</span> <span class='ocrx_word' id='word_1_152' title='bbox 1415 2732 1505 2794; x_wconf 87' lang='lat' dir='ltr'>repe·</span> 
     </span>
     <span class='ocr_line' id='line_1_22' title="bbox 245 2818 1505 2901; baseline 0.001 -22"><span class='ocrx_word' id='word_1_153' title='bbox 245 2819 336 2880; x_wconf 93' lang='lat' dir='ltr'>risset</span> <span class='ocrx_word' id='word_1_154' title='bbox 360 2839 397 2880; x_wconf 91' lang='lat' dir='ltr'>ac</span> <span class='ocrx_word' id='word_1_155' title='bbox 422 2819 560 2880; x_wconf 89' lang='lat' dir='ltr'>eundem</span> <span class='ocrx_word' id='word_1_156' title='bbox 586 2820 760 2901; x_wconf 87' lang='lat' dir='ltr'>suspiciose</span> <span class='ocrx_word' id='word_1_157' title='bbox 782 2818 884 2881; x_wconf 83' lang='lat' dir='ltr'>furem</span> <span class='ocrx_word' id='word_1_158' title='bbox 903 2819 1110 2898; x_wconf 83' lang='lat' dir='ltr'>nominasset,</span> <span class='ocrx_word' id='word_1_159' title='bbox 1133 2818 1225 2899; x_wconf 90' lang='lat' dir='ltr'>jurati</span> <span class='ocrx_word' id='word_1_160' title='bbox 1251 2819 1357 2881; x_wconf 88' lang='lat' dir='ltr'>taliter</span> <span class='ocrx_word' id='word_1_161' title='bbox 1380 2819 1505 2900; x_wconf 88' lang='lat' dir='ltr'>adjudi-</span> 
     </span>
     <span class='ocr_line' id='line_1_23' title="bbox 245 2924 1504 3003; baseline 0.001 -17"><span class='ocrx_word' id='word_1_162' title='bbox 245 2938 367 3003; x_wconf 91' lang='lat' dir='ltr'>carunt,</span> <span class='ocrx_word' id='word_1_163' title='bbox 386 2939 420 2986; x_wconf 94' lang='lat' dir='ltr'>ut</span> <span class='ocrx_word' id='word_1_164' title='bbox 444 2925 547 2985; x_wconf 89' lang='lat' dir='ltr'>dictus</span> <span class='ocrx_word' id='word_1_165' title='bbox 564 2925 690 2986; x_wconf 90' lang='lat' dir='ltr'>Marcus</span> <span class='ocrx_word' id='word_1_166' title='bbox 709 2925 739 2984; x_wconf 93' lang='lat' dir='ltr'>in</span> <span class='ocrx_word' id='word_1_167' title='bbox 758 2945 810 2985; x_wconf 92' lang='lat' dir='ltr'>ara</span> <span class='ocrx_word' id='word_1_168' title='bbox 835 2939 942 2986; x_wconf 84' lang='lat' dir='ltr'>sancte</span> <span class='ocrx_word' id='word_1_169' title='bbox 960 2924 1073 2987; x_wconf 89' lang='lat' dir='ltr'>Crucis</span> <span class='ocrx_word' id='word_1_170' title='bbox 1091 2925 1273 2987; x_wconf 89' lang='lat' dir='ltr'>terciusmet</span> <span class='ocrx_word' id='word_1_171' title='bbox 1290 2924 1504 3002; x_wconf 82' lang='lat' dir='ltr'>juramentum</span> 
     </span>
     <span class='ocr_line' id='line_1_24' title="bbox 246 3031 1504 3112; baseline 0.001 -21"><span class='ocrx_word' id='word_1_172' title='bbox 246 3031 362 3093; x_wconf 91' lang='lat' dir='ltr'>debeat</span> <span class='ocrx_word' id='word_1_173' title='bbox 376 3032 537 3112; x_wconf 91' lang='lat' dir='ltr'>deponere</span> <span class='ocrx_word' id='word_1_174' title='bbox 552 3032 604 3109; x_wconf 89' lang='lat' dir='ltr'>ita,</span> <span class='ocrx_word' id='word_1_175' title='bbox 618 3031 704 3111; x_wconf 92' lang='lat' dir='ltr'>quod</span> <span class='ocrx_word' id='word_1_176' title='bbox 725 3032 790 3112; x_wconf 86' lang='lat' dir='ltr'>ipse</span> <span class='ocrx_word' id='word_1_177' title='bbox 804 3051 868 3092; x_wconf 92' lang='lat' dir='ltr'>non</span> <span class='ocrx_word' id='word_1_178' title='bbox 888 3032 986 3091; x_wconf 89' lang='lat' dir='ltr'>iverat</span> <span class='ocrx_word' id='word_1_179' title='bbox 1007 3031 1045 3091; x_wconf 93' lang='lat' dir='ltr'>ad</span> <span class='ocrx_word' id='word_1_180' title='bbox 1061 3031 1187 3092; x_wconf 90' lang='lat' dir='ltr'>vineam</span> <span class='ocrx_word' id='word_1_181' title='bbox 1205 3031 1361 3092; x_wconf 90' lang='lat' dir='ltr'>nominati</span> <span class='ocrx_word' id='word_1_182' title='bbox 1375 3031 1504 3092; x_wconf 84' lang='lat' dir='ltr'>Andree</span> 
     </span>
     <span class='ocr_line' id='line_1_25' title="bbox 246 3135 1443 3217; baseline 0.001 -19"><span class='ocrx_word' id='word_1_183' title='bbox 246 3138 372 3198; x_wconf 86' lang='lat' dir='ltr'>racione</span> <span class='ocrx_word' id='word_1_184' title='bbox 398 3136 471 3198; x_wconf 86' lang='lat' dir='ltr'>furti</span> <span class='ocrx_word' id='word_1_185' title='bbox 498 3136 547 3197; x_wconf 89' lang='lat' dir='ltr'>vel</span> <span class='ocrx_word' id='word_1_186' title='bbox 572 3137 716 3197; x_wconf 87' lang='lat' dir='ltr'>eiusdem</span> <span class='ocrx_word' id='word_1_187' title='bbox 741 3138 920 3214; x_wconf 89' lang='lat' dir='ltr'>occasione,</span> <span class='ocrx_word' id='word_1_188' title='bbox 945 3136 1088 3217; x_wconf 91' lang='lat' dir='ltr'>alioquin</span> <span class='ocrx_word' id='word_1_189' title='bbox 1114 3136 1282 3198; x_wconf 87' lang='lat' dir='ltr'>habebitur</span> <span class='ocrx_word' id='word_1_190' title='bbox 1307 3135 1443 3199; x_wconf 83' lang='lat' dir='ltr'>infamis.</span> 
     </span>
    </p>
   </div>
   <div class='ocr_carea' id='block_1_5' title="bbox 395 3324 1355 3536">
    <p class='ocr_par' dir='ltr' id='par_1_7' title="bbox 395 3324 1355 3536">
     <span class='ocr_line' id='line_1_26' title="bbox 395 3324 1355 3413; baseline 0.001 -19"><span class='ocrx_word' id='word_1_191' title='bbox 395 3324 491 3396; x_wconf 87' lang='lat' dir='ltr'>Feria</span> <span class='ocrx_word' id='word_1_192' title='bbox 520 3333 618 3396; x_wconf 83' lang='lat' dir='ltr'>sexta</span> <span class='ocrx_word' id='word_1_193' title='bbox 646 3332 721 3413; x_wconf 83' lang='lat' dir='ltr'>post</span> <span class='ocrx_word' id='word_1_194' title='bbox 750 3325 872 3395; x_wconf 82' lang='lat' dir='ltr'>festum</span> <span class='ocrx_word' id='word_1_195' title='bbox 900 3325 996 3396; x_wconf 87' lang='lat' dir='ltr'>beate</span> <span class='ocrx_word' id='word_1_196' title='bbox 1025 3324 1175 3395; x_wconf 81' lang='lat' dir='ltr'>barbare</span> <span class='ocrx_word' id='word_1_197' title='bbox 1201 3327 1355 3411; x_wconf 67' lang='lat' dir='ltr'>victrinis.</span> 
     </span>
     <span class='ocr_line' id='line_1_27' title="bbox 746 3457 989 3536; baseline 0.021 -20"><span class='ocrx_word' id='word_1_198' title='bbox 746 3463 791 3536; x_wconf 79' lang='lat'>(5.</span> <span class='ocrx_word' id='word_1_199' title='bbox 814 3457 989 3532; x_wconf 79' lang='lat' dir='ltr'>decembris).</span> 
     </span>
    </p>
   </div>
   <div class='ocr_carea' id='block_1_6' title="bbox 245 3580 1501 3770">
    <p class='ocr_par' dir='ltr' id='par_1_8' title="bbox 245 3580 1501 3770">
     <span class='ocr_line' id='line_1_28' title="bbox 352 3580 1501 3644; baseline 0 -1"><span class='ocrx_word' id='word_1_200' title='bbox 352 3583 463 3644; x_wconf 85' lang='lat' dir='ltr'>Petrus</span> <span class='ocrx_word' id='word_1_201' title='bbox 487 3582 630 3643; x_wconf 88' lang='lat' dir='ltr'>literatus</span> <span class='ocrx_word' id='word_1_202' title='bbox 654 3596 684 3644; x_wconf 89' lang='lat' dir='ltr'>et</span> <span class='ocrx_word' id='word_1_203' title='bbox 717 3601 796 3642; x_wconf 85' lang='lat' dir='ltr'>uxor</span> <span class='ocrx_word' id='word_1_204' title='bbox 821 3581 964 3643; x_wconf 90' lang='lat' dir='ltr'>eiusdem</span> <span class='ocrx_word' id='word_1_205' title='bbox 990 3582 1030 3642; x_wconf 92' lang='lat' dir='ltr'>ad</span> <span class='ocrx_word' id='word_1_206' title='bbox 1060 3582 1247 3643; x_wconf 88' lang='lat' dir='ltr'>instanciam</span> <span class='ocrx_word' id='word_1_207' title='bbox 1275 3580 1387 3642; x_wconf 87' lang='lat' dir='ltr'>Berlek</span> <span class='ocrx_word' id='word_1_208' title='bbox 1413 3581 1501 3643; x_wconf 86' lang='lat' dir='ltr'>Dell-</span> 
     </span>
     <span class='ocr_line' id='line_1_29' title="bbox 245 3688 935 3770; baseline 0.001 -23"><span class='ocrx_word' id='word_1_209' title='bbox 245 3708 365 3770; x_wconf 90' lang='lat' dir='ltr'>vanycz</span> <span class='ocrx_word' id='word_1_210' title='bbox 391 3689 494 3770; x_wconf 89' lang='lat' dir='ltr'>primo</span> <span class='ocrx_word' id='word_1_211' title='bbox 520 3689 632 3749; x_wconf 89' lang='lat' dir='ltr'>citatus</span> <span class='ocrx_word' id='word_1_212' title='bbox 656 3707 720 3749; x_wconf 91' lang='lat' dir='ltr'>non</span> <span class='ocrx_word' id='word_1_213' title='bbox 746 3688 935 3769; x_wconf 87' lang='lat' dir='ltr'>comparuit.</span> 
     </span>
    </p>
   </div>
   <div class='ocr_carea' id='block_1_7' title="bbox 298 3855 1457 4082">
    <p class='ocr_par' dir='ltr' id='par_1_9' title="bbox 298 3855 1457 4082">
     <span class='ocr_line' id='line_1_30' title="bbox 298 3855 1457 3963; baseline 0.002 -19"><span class='ocrx_word' id='word_1_214' title='bbox 298 3871 394 3945; x_wconf 82' lang='lat' dir='ltr'>Faria</span> <span class='ocrx_word' id='word_1_215' title='bbox 423 3879 519 3944; x_wconf 86' lang='lat' dir='ltr'>sexta</span> <span class='ocrx_word' id='word_1_216' title='bbox 548 3883 625 3944; x_wconf 87' lang='lat' dir='ltr'>ante</span> <span class='ocrx_word' id='word_1_217' title='bbox 654 3874 775 3944; x_wconf 80' lang='lat' dir='ltr'>festam</span> <span class='ocrx_word' id='word_1_218' title='bbox 808 3873 904 3945; x_wconf 88' lang='lat' dir='ltr'>beate</span> <span class='ocrx_word' id='word_1_219' title='bbox 933 3874 1030 3946; x_wconf 86' lang='lat' dir='ltr'>lucie</span> <span class='ocrx_word' id='word_1_220' title='bbox 1057 3872 1198 3963; x_wconf 81' lang='lat' dir='ltr'>virginis</span> <span class='ocrx_word' id='word_1_221' title='bbox 1229 3893 1268 3944; x_wconf 87' lang='lat' dir='ltr'>ac</span> <span class='ocrx_word' id='word_1_222' title='bbox 1296 3855 1457 3946; x_wconf 85' lang='lat' dir='ltr'>martiris.</span> 
     </span>
     <span class='ocr_line' id='line_1_31' title="bbox 742 4009 1002 4082; baseline 0.023 -16"><span class='ocrx_word' id='word_1_223' title='bbox 742 4015 802 4081; x_wconf 86' lang='lat'>(12.</span> <span class='ocrx_word' id='word_1_224' title='bbox 828 4009 1002 4082; x_wconf 82' lang='lat' dir='ltr'>decembris).</span> 
     </span>
    </p>
   </div>
   <div class='ocr_carea' id='block_1_8' title="bbox 243 4130 1501 4317">
    <p class='ocr_par' dir='ltr' id='par_1_10' title="bbox 243 4130 1501 4317">
     <span class='ocr_line' id='line_1_32' title="bbox 350 4130 1501 4213; baseline 0.005 -23"><span class='ocrx_word' id='word_1_225' title='bbox 350 4131 461 4191; x_wconf 86' lang='lat' dir='ltr'>Petrus</span> <span class='ocrx_word' id='word_1_226' title='bbox 485 4131 628 4192; x_wconf 87' lang='lat' dir='ltr'>literatus</span> <span class='ocrx_word' id='word_1_227' title='bbox 652 4130 691 4191; x_wconf 91' lang='lat' dir='ltr'>ad</span> <span class='ocrx_word' id='word_1_228' title='bbox 717 4131 905 4191; x_wconf 88' lang='lat' dir='ltr'>instanciam</span> <span class='ocrx_word' id='word_1_229' title='bbox 943 4132 1056 4193; x_wconf 83' lang='lat' dir='ltr'>Berlelt</span> <span class='ocrx_word' id='word_1_230' title='bbox 1083 4131 1267 4213; x_wconf 87' lang='lat' dir='ltr'>Delvanych</span> <span class='ocrx_word' id='word_1_231' title='bbox 1292 4135 1434 4195; x_wconf 89' lang='lat' dir='ltr'>secundo</span> <span class='ocrx_word' id='word_1_232' title='bbox 1459 4135 1501 4196; x_wconf 92' lang='lat' dir='ltr'>ci·</span> 
     </span>
     <span class='ocr_line' id='line_1_33' title="bbox 243 4237 629 4317; baseline 0.003 -21"><span class='ocrx_word' id='word_1_233' title='bbox 243 4250 326 4297; x_wconf 91' lang='lat' dir='ltr'>tatus</span> <span class='ocrx_word' id='word_1_234' title='bbox 351 4256 414 4296; x_wconf 93' lang='lat' dir='ltr'>non</span> <span class='ocrx_word' id='word_1_235' title='bbox 441 4237 629 4317; x_wconf 90' lang='lat' dir='ltr'>comparuit.</span> 
     </span>
    </p>
   </div>
   <div class='ocr_carea' id='block_1_9' title="bbox 317 4420 1432 4638">
    <p class='ocr_par' dir='ltr' id='par_1_11' title="bbox 317 4420 1432 4638">
     <span class='ocr_line' id='line_1_34' title="bbox 317 4420 1432 4513; baseline 0.001 -20"><span class='ocrx_word' id='word_1_236' title='bbox 317 4420 410 4493; x_wconf 85' lang='lat' dir='ltr'>Ferin</span> <span class='ocrx_word' id='word_1_237' title='bbox 439 4432 535 4493; x_wconf 83' lang='lat' dir='ltr'>sexta</span> <span class='ocrx_word' id='word_1_238' title='bbox 565 4422 715 4510; x_wconf 84' lang='lat' dir='ltr'>proxima</span> <span class='ocrx_word' id='word_1_239' title='bbox 746 4426 823 4496; x_wconf 82' lang='lat' dir='ltr'>ante</span> <span class='ocrx_word' id='word_1_240' title='bbox 853 4425 974 4497; x_wconf 80' lang='lat' dir='ltr'>festum</span> <span class='ocrx_word' id='word_1_241' title='bbox 1003 4425 1092 4495; x_wconf 87' lang='lat' dir='ltr'>beati</span> <span class='ocrx_word' id='word_1_242' title='bbox 1122 4423 1248 4496; x_wconf 86' lang='lat' dir='ltr'>Thone</span> <span class='ocrx_word' id='word_1_243' title='bbox 1277 4427 1432 4513; x_wconf 82' lang='lat' dir='ltr'>apostoli.</span> 
     </span>
     <span class='ocr_line' id='line_1_35' title="bbox 732 4557 999 4638; baseline 0.004 -22"><span class='ocrx_word' id='word_1_244' title='bbox 732 4560 797 4638; x_wconf 83' lang='lat'>(19.</span> <span class='ocrx_word' id='word_1_245' title='bbox 821 4557 999 4636; x_wconf 65' lang='lat' dir='ltr'>decembris).</span> 
     </span>
    </p>
   </div>
   <div class='ocr_carea' id='block_1_10' title="bbox 247 4679 1502 4868">
    <p class='ocr_par' dir='ltr' id='par_1_12' title="bbox 247 4679 1502 4868">
     <span class='ocr_line' id='line_1_36' title="bbox 352 4679 1502 4763; baseline 0.003 -22"><span class='ocrx_word' id='word_1_246' title='bbox 352 4680 462 4741; x_wconf 87' lang='lat' dir='ltr'>Petrus</span> <span class='ocrx_word' id='word_1_247' title='bbox 488 4680 630 4741; x_wconf 88' lang='lat' dir='ltr'>literatus</span> <span class='ocrx_word' id='word_1_248' title='bbox 654 4682 696 4741; x_wconf 94' lang='lat' dir='ltr'>ob</span> <span class='ocrx_word' id='word_1_249' title='bbox 714 4680 930 4742; x_wconf 87' lang='lat' dir='ltr'>infirmitatem</span> <span class='ocrx_word' id='word_1_250' title='bbox 950 4679 1055 4741; x_wconf 82' lang='lat' dir='ltr'>uxoris</span> <span class='ocrx_word' id='word_1_251' title='bbox 1079 4682 1199 4762; x_wconf 91' lang='lat' dir='ltr'>absque</span> <span class='ocrx_word' id='word_1_252' title='bbox 1225 4680 1324 4762; x_wconf 90' lang='lat' dir='ltr'>ipsius</span> <span class='ocrx_word' id='word_1_253' title='bbox 1339 4683 1502 4763; x_wconf 85' lang='lat' dir='ltr'>presencia</span> 
     </span>
     <span class='ocr_line' id='line_1_37' title="bbox 247 4784 1326 4868; baseline 0.003 -21"><span class='ocrx_word' id='word_1_254' title='bbox 247 4786 442 4868; x_wconf 88' lang='lat' dir='ltr'>respondete</span> <span class='ocrx_word' id='word_1_255' title='bbox 467 4785 583 4865; x_wconf 88' lang='lat' dir='ltr'>noluit,</span> <span class='ocrx_word' id='word_1_256' title='bbox 603 4785 657 4848; x_wconf 90' lang='lat' dir='ltr'>sed</span> <span class='ocrx_word' id='word_1_257' title='bbox 685 4785 802 4851; x_wconf 85' lang='lat' dir='ltr'>dilacio</span> <span class='ocrx_word' id='word_1_258' title='bbox 827 4784 907 4848; x_wconf 86' lang='lat' dir='ltr'>lacta</span> <span class='ocrx_word' id='word_1_259' title='bbox 931 4784 971 4847; x_wconf 85' lang='lat' dir='ltr'>ad</span> <span class='ocrx_word' id='word_1_260' title='bbox 995 4785 1135 4868; x_wconf 87' lang='lat' dir='ltr'>primum</span> <span class='ocrx_word' id='word_1_261' title='bbox 1160 4786 1326 4867; x_wconf 88' lang='lat' dir='ltr'>judicium.</span> 
     </span>
    </p>
   </div>
   <div class='ocr_carea' id='block_1_11' title="bbox 0 0 1756 5264">
    <p class='ocr_par' dir='ltr' id='par_1_13' title="bbox 0 0 1756 5264">
     <span class='ocr_line' id='line_1_38' title="bbox 0 0 1756 5264; baseline 0 0"><span class='ocrx_word' id='word_1_262' title='bbox 0 0 1756 5264; x_wconf 95' lang='lat' dir='ltr'> </span> 
     </span>
    </p>
   </div>
  </div>
 </body>
</html>
