3502 5264
654 331 741 389 Anno
764 343 852 408 1524.
879 365 920 374 -
943 346 974 409 4.
999 333 1109 393 martti.

715 541 872 604 Martinus
904 542 1038 606 chromi.

720 647 831 710 Petrus
855 648 1025 732 chhyalt.

718 754 901 816 Anthonius
923 774 1022 836 gener
1046 757 1227 840 Zaboczlty.

716 859 863 923 Thomas
886 860 1036 945 lrenipar.

714 967 818 1028 Lucas
842 966 980 1030 cheztar.

711 1075 895 1135 Anthonius
919 1074 1078 1158 Tkalych.

713 1180 880 1263 Mathcycz
903 1196 1002 1246 sutor.

717 1287 835 1348 Paulus
858 1303 958 1352 sutor.

716 1392 872 1455 Nicolaus
895 1394 1061 1477 clipeator.

716 1500 861 1560 Andreas
884 1520 1005 1583 sporar.

720 1603 880 1686 Georgius
900 1607 1041 1689 sellipar.

712 1710 910 1774 Laurencius
932 1727 1032 1775 sutor.

717 1818 835 1901 larney
859 1817 1009 1883 carnifex.

716 1923 894 2004 Gregorius
916 1923 1002 1987 lilius
1024 1926 1101 1988 Viti.

432 2158 528 2232 Feria
557 2172 655 2232 serta
685 2164 838 2250 proxima
868 2169 947 2233 ante
975 2161 1176 2233 dominicam
1205 2163 1335 2235 letare.

780 2318 825 2392 n.
848 2318 971 2391 naras).

353 2457 386 2518 ln
412 2477 506 2519 causa
532 2458 613 2519 iuter
630 2458 757 2519 nobiles
774 2472 805 2518 et
820 2457 995 2539 prudentes
1013 2457 1193 2541 Gasparum
1211 2460 1358 2541 aliosque
1375 2458 1513 2522 heredes

244 2563 382 2626 condam
408 2563 460 2646 pie
485 2564 641 2625 memorie
666 2563 822 2625 lobannis
845 2563 967 2640 Pastor,
994 2563 1074 2625 olim
1099 2565 1241 2626 concisis
1265 2566 1376 2642 nostri,
1400 2580 1435 2627 ut
1457 2585 1510 2628 ac·

244 2685 331 2730 tores
354 2670 394 2730 ab
419 2689 494 2746 uns,
519 2685 549 2731 et
566 2669 783 2731 venerabilem
809 2668 978 2730 dominum
997 2670 1198 2732 ieronimum
1214 2670 1380 2733 doctorem
1405 2673 1510 2734 medi·

246 2776 317 2837 cine
341 2788 373 2836 et
396 2776 587 2836 canonicum
613 2775 747 2836 ecclesie
771 2775 998 2855 zagrabiensis,
1020 2791 1109 2857 parte
1133 2779 1173 2837 ab
1197 2776 1308 2854 altera,
1332 2778 1462 2840 racione
1479 2794 1512 2840 et

246 2895 392 2964 pretextu
416 2881 582 2942 cuiusdam
608 2880 726 2942 domus
750 2880 906 2942 lobannis
930 2881 1030 2941 Maria
1062 2882 1102 2943 de
1126 2881 1240 2944 Parma
1266 2883 1345 2945 alias
1367 2885 1512 2946 concivis

247 2987 348 3048 nostri
373 2987 405 3047 in
431 2987 552 3069 prelata
571 2988 699 3049 civitate
715 3002 822 3048 nostra
840 2987 958 3063 habite,
982 2988 1036 3047 ubi
1055 2987 1205 3049 videlicet
1228 2989 1370 3071 prelatus
1386 2988 1512 3072 Gaspar

245 3090 356 3153 Pastor
380 3108 490 3154 contra
515 3093 712 3154 antedictum
738 3093 907 3153 dominum
936 3093 1102 3154 doctorem
1126 3097 1305 3176 proposuit,
1328 3096 1418 3175 quod
1442 3097 1510 3178 ipse

244 3197 357 3259 doctor
388 3200 565 3280 predictam
598 3201 733 3260 domum
765 3200 873 3260 minus
904 3199 985 3273 juste
1016 3199 1194 3280 possideret
1224 3202 1300 3282 quia
1328 3202 1433 3263 dictus
1456 3203 1510 3264 Jo-

243 3305 366 3365 hanues
390 3306 490 3366 blatis
515 3307 652 3366 condam
678 3305 816 3366 iohanni
843 3305 955 3366 Pastor
980 3307 1061 3386 patri
1095 3307 1238 3386 ipsorum
1262 3309 1394 3387 suisque
1418 3308 1510 3369 here·

246 3409 342 3470 dibus
365 3412 397 3471 in
422 3410 567 3472 emendis
592 3412 836 3491 vendendisque
852 3413 956 3471 bobus
980 3410 1061 3471 lacta
1079 3412 1218 3481 racione,
1243 3428 1340 3493 prout
1362 3413 1424 3474 hoc
1440 3414 1510 3495 ipse

244 3516 368 3599 Gaspar
392 3517 534 3598 quodam
560 3519 679 3598 scripto
703 3536 801 3578 manu
825 3518 940 3578 notarii
963 3518 1084 3598 publici
1109 3517 1257 3579 conlecto
1281 3537 1390 3579 coram
1415 3521 1511 3581 nobis

243 3623 276 3682 in
300 3625 405 3703 specie
423 3625 581 3704 producto
605 3622 801 3683 sufficienter
818 3624 1053 3703 comprobavit,
1070 3623 1216 3683 ducentis
1236 3639 1266 3682 et
1283 3637 1422 3703 quatuor
1437 3623 1509 3688 flor.

243 3727 371 3789 debitor
396 3745 600 3803 remanserat,
625 3748 683 3809 pro
713 3729 965 3810 quibusquidem
998 3730 1065 3808 ipse
1090 3728 1252 3788 lohannes
1276 3729 1376 3788 Maria
1400 3730 1509 3792 eidem

243 3837 353 3895 omnia
377 3838 462 3896 bona
486 3855 543 3896 sua
577 3838 742 3915 presencia
774 3836 925 3897 videlicet
948 3850 979 3896 et
1003 3832 1107 3895 lutura
1140 3835 1337 3914 ubicumque
1361 3834 1508 3896 locorum

243 3956 275 4001 et
299 3943 572 4022 quandocumque
605 3957 728 4022 reperta
761 3961 872 4022 ¹smmo
903 3942 1005 4001 eciam
1028 3958 1197 4019 personam
1230 3940 1393 4019 propriam
1424 3941 1508 4002 obli·

242 4048 342 4125 garit,
366 4064 461 4127 prout
486 4048 546 4108 hoc
571 4050 602 4108 in
627 4049 742 4109 eodem
767 4048 886 4127 scripto
903 4044 1071 4106 manifeste
1097 4043 1236 4103 vidimus
1259 4045 1428 4120 contineri,
1443 4064 1508 4126 que

244 4153 414 4233 oblegacio
439 4152 519 4213 lacta
545 4153 604 4214 luit
628 4155 669 4215 de
693 4173 779 4215 anno
815 4172 908 4233 ¹5¹5,
932 4155 974 4212 o'o
992 4169 1088 4230 quam
1113 4151 1245 4229 quidem
1268 4149 1508 4228 obligationem

245 4259 381 4319 eandem
406 4259 542 4319 domum
564 4261 624 4320 sibi
650 4261 827 4323 adiudicati
857 4258 1052 4339 postularit:
1083 4275 1120 4314 ex
1145 4255 1279 4315 sdverso
1304 4270 1410 4316 autem
1436 4277 1508 4338 pre-

243 4366 350 4425 dictus
373 4366 487 4425 docter
512 4366 543 4424 in
569 4366 633 4425 sim
659 4367 707 4425 sui
726 4366 804 4425 iuris
827 4364 992 4445 quoddam
1011 4363 1257 4420 instrumentum
1283 4361 1449 4438 pubiicum
1474 4363 1508 4424 in

246 4472 352 4553 specie
376 4490 484 4530 coram
518 4472 611 4530 nobis
646 4471 808 4551 produxit,
840 4488 906 4549 quo
938 4470 1150 4527 instrumento
1181 4463 1322 4543 prelatus
1343 4465 1509 4529 lohannes

246 4577 346 4637 blatis
371 4577 506 4636 domino
531 4576 653 4635 doctori
679 4577 855 4655 nonaginta
880 4573 948 4633 tior.
973 4571 1041 4631 auri
1066 4570 1149 4648 puri.
1180 4569 1256 4628 botai
1280 4584 1312 4629 et
1335 4568 1408 4630 iusti
1426 4589 1508 4651 pon·

244 4683 330 4743 deris
359 4681 476 4742 t'atetur
506 4701 540 4741 se
564 4701 632 4741 csse
664 4682 843 4741 debitorem
875 4694 907 4740 et
938 4680 1006 4758 ime
1036 4675 1149 4734 doctor
1181 4690 1246 4732 noo
1273 4674 1314 4734 sit
1335 4689 1509 4738 contentus

243 4788 388 4870 accipere
413 4787 520 4847 nullas
543 4807 593 4847 res
616 4787 648 4846 in
679 4802 799 4847 sortem
829 4783 1020 4845 eorumdem
1047 4778 1243 4840 florenorum
1276 4779 1421 4859 accipere
1443 4782 1507 4842 uisi
