3502 5264
241 356 262 419 6
643 352 842 435 Ann01481.
868 390 909 400 —
933 350 985 416 18.
1009 353 1168 415 aecembris.

245 571 364 633 domus
389 585 419 633 et
444 571 538 632 unius
562 571 643 632 vasis
667 590 722 653 per
747 571 850 652 ipsum
884 569 1055 631 dominum
1080 567 1269 650 Georgium,
1290 565 1336 627 uti
1360 560 1511 626 Matheue

249 677 385 755 dicebat,
411 679 450 738 ab
475 678 589 739 eodem
615 678 791 738 ablatarum
813 690 844 737 et
875 676 1126 758 deperditarum,
1149 675 1225 757 quia
1256 673 1346 735 litere
1369 670 1511 733 condam

248 782 371 845 domini
408 783 547 865 Philippi
580 784 708 866 plebani
741 783 890 863 jamdicte
924 782 1056 845 ecclesie
1087 782 1186 844 sancti
1222 779 1351 843 Martini
1382 790 1512 859 sonant,

246 889 383 970 quodsi
409 888 555 950 Matheus
587 888 755 971 Spilusych
793 889 954 971 predictus
986 902 1041 950 aut
1076 887 1210 949 heredes
1240 886 1289 948 sui
1321 902 1455 949 censum
1479 896 1513 947 et

246 1014 379 1056 munera
405 995 436 1055 in
462 994 581 1056 eisdem
607 994 706 1055 literis
730 1015 875 1077 expressa
901 1014 966 1056 non
995 994 1157 1055 solverent
1180 992 1322 1075 plebano
1346 1010 1405 1074 pro
1427 1003 1511 1052 tem·

247 1120 324 1182 pore
349 1102 532 1178 constituto,
556 1100 636 1162 infra
662 1101 743 1162 duos
767 1121 879 1179 annos,
896 1101 1054 1183 plebanus
1070 1118 1145 1161 mox
1169 1098 1301 1160 haberet
1324 1099 1364 1160 ab
1388 1096 1510 1160 eisdem

248 1205 402 1288 prefatam
428 1206 561 1267 domum
579 1207 756 1287 occupandi
781 1226 839 1288 pro
853 1227 885 1267 se
903 1205 1097 1283 facultatem,
1118 1205 1211 1287 jurati
1235 1203 1512 1288 adjudicaverunt,

248 1312 336 1393 quod
361 1312 512 1374 dominus
529 1312 688 1393 Georgius
705 1313 860 1394 plebanus
878 1313 974 1375 babet
991 1312 1094 1393 jurare
1112 1313 1152 1373 ad
1170 1310 1403 1373 conscienciam
1419 1329 1511 1372 suam

248 1419 335 1498 quod
362 1418 427 1500 ipse
446 1417 592 1479 Matheus
610 1418 777 1500 Spilusych
798 1438 862 1479 non
887 1419 982 1479 solvit
1000 1417 1180 1500 perplures
1197 1436 1299 1479 annos
1322 1416 1512 1497 jamdictum

248 1543 378 1585 censum
404 1538 434 1585 et
459 1543 602 1601 munera,
627 1537 657 1585 et
681 1537 850 1605 postquam
877 1524 1028 1604 juraverit
1050 1543 1125 1585 mox
1149 1524 1283 1586 liberam
1308 1522 1439 1587 habebit
1454 1541 1512 1605 po·

248 1642 392 1692 testatem
417 1643 447 1691 et
471 1630 599 1711 plenam
625 1627 807 1691 facultatem
834 1631 865 1691 in
891 1631 957 1712 ipsa
983 1629 1100 1706 dom03
1129 1629 1185 1691 sed
1209 1648 1268 1710 pro
1292 1647 1366 1690 vase
1390 1626 1512 1708 judica·

249 1750 373 1814 verunt,
398 1736 485 1817 quod
511 1735 661 1797 dominus
686 1734 845 1817 Georgius
869 1736 975 1798 debite
997 1736 1128 1797 retinuit
1159 1736 1265 1817 ipsum
1289 1754 1345 1796 vas
1373 1754 1433 1817 pro
1457 1733 1513 1796 de·

249 1842 323 1903 bitis
347 1842 412 1902 suis
436 1840 474 1903 de
499 1840 582 1902 dicta
607 1841 705 1902 domo
730 1842 1004 1923 provenientibus,
1032 1862 1090 1903 nec
1115 1854 1221 1924 potest
1244 1840 1400 1921 majorem
1424 1840 1512 1903 solu·

249 1949 373 2010 cionem
400 1946 438 2007 de
463 1948 618 2028 preteritis
644 1947 760 2009 debitis
783 1966 878 2028 super
902 1948 1006 2029 ipsum
1026 1947 1190 2009 Matheum
1213 1948 1393 2029 requirere;
1418 1947 1515 2011 debet

250 2069 356 2116 autern
382 2054 483 2135 jurare
509 2052 585 2114 feria
603 2070 688 2115 sexta
705 2054 850 2135 proxima
873 2068 945 2135 post
963 2053 1077 2115 festum
1097 2053 1351 2136 Epiphaniarum
1369 2053 1514 2117 Domini.

251 2160 396 2222 Matheus
421 2179 483 2219 non
509 2173 678 2221 contentus
700 2180 827 2221 causam
853 2160 995 2241 appellat
1018 2159 1057 2220 ad
1082 2161 1233 2222 seniores.

356 2266 460 2328 Causa
479 2265 559 2326 inter
577 2265 783 2327 Dominicum
808 2266 947 2346 judicem
965 2267 1140 2348 Perowych
1164 2279 1195 2327 et
1214 2265 1368 2328 Mathiam
1386 2265 1515 2349 Radlyn

252 2389 404 2436 sartorem
438 2372 564 2433 racione
596 2371 763 2433 cuiusdam
795 2372 840 2433 uti
874 2373 1039 2433 dicebatur
1072 2371 1317 2434 informacionis
1347 2372 1515 2435 cuiusdam

253 2479 376 2559 famuli,
401 2479 455 2560 qui
481 2498 554 2539 cum
579 2478 687 2559 gladio
712 2494 892 2540 cucurrerat
909 2478 949 2539 ad
967 2478 1107 2539 hostium
1131 2478 1247 2539 domus
1272 2479 1371 2560 ipsius
1395 2478 1515 2541 Mathie

256 2587 393 2671 lladlyn,
418 2585 547 2667 quando
563 2585 646 2645 idem
672 2585 810 2646 famulus
835 2586 971 2646 debebat
989 2605 1046 2665 pro
1071 2598 1157 2646 certo
1180 2604 1238 2646 suo
1263 2605 1393 2647 excessu
1417 2586 1511 2668 capti-

252 2694 330 2770 vari,
354 2692 444 2772 jurati
470 2690 743 2770 adjudicaverunt,
769 2691 856 2772 quod
883 2692 948 2772 ipse
982 2690 1118 2751 blathias
1143 2691 1261 2751 Radlin
1296 2692 1391 2753 habet
1415 2691 1515 2773 depo·

253 2819 327 2860 nere
352 2798 566 2877 juramentum
590 2812 761 2859 sextusmet
786 2817 857 2858 cum
883 2797 1006 2857 civibus
1031 2798 1062 2857 in
1088 2816 1138 2875 e0,
1164 2797 1252 2878 quod
1278 2798 1344 2879 ipse
1370 2797 1515 2879 predicto

254 2904 375 2966 famulo
400 2924 463 2965 non
490 2903 568 2964 dixit
601 2903 688 2984 quod
714 2903 807 2981 judex
839 2904 977 2965 venisset
1005 2903 1044 2964 ad
1077 2903 1210 2965 domum
1244 2923 1333 2965 suam
1360 2924 1417 2966 nec
1442 2923 1516 2966 cum

253 3013 332 3073 scitu
356 3031 416 3072 suo
439 3012 576 3071 cucurrit
601 3010 640 3071 ad
666 3026 789 3092 portam
816 3030 887 3071 cum
914 3010 1036 3092 prefato
1068 3011 1178 3091 gladio
1203 3025 1233 3072 et
1257 3012 1358 3073 eciam
1383 3011 1516 3074 nescivit

254 3119 341 3201 quod
367 3119 443 3180 velit
467 3138 499 3179 se
526 3118 609 3178 idern
634 3115 773 3179 famulus
797 3117 990 3179 deffendere.
1024 3118 1159 3179 blathias
1183 3117 1300 3179 Radlin
1324 3132 1425 3180 sartor
1449 3137 1515 3179 non

255 3240 423 3288 contentus
447 3244 574 3285 causam
600 3243 689 3284 satam
715 3224 854 3305 appellat
879 3224 917 3284 ad
943 3224 1093 3285 seniores.

364 3330 439 3391 ltem
467 3328 659 3411 Hercndyclr
678 3330 709 3389 in
734 3331 831 3391 tercio
857 3330 1046 3392 consistorio
1063 3331 1279 3411 proclamatus
1303 3350 1360 3411 pro
1377 3329 1516 3412 quadam

257 3438 402 3515 muliere,
437 3456 493 3497 nec
526 3455 581 3517 per
605 3456 637 3497 sc
667 3456 725 3497 nec
756 3457 813 3518 per
844 3450 1083 3519 procuratorem
1115 3455 1208 3497 suurn
1241 3450 1350 3497 contra
1382 3435 1516 3498 eandem

256 3544 445 3626 comparuit.

408 3778 502 3851 feria
533 3780 638 3853 tercia
676 3785 831 3870 proxima
861 3792 938 3852 ante
967 3782 1087 3853 festum
1117 3784 1207 3854 beati
1236 3782 1263 3851 T
1267 3784 1372 3852 home.

751 3930 818 4011 (18.
843 3934 1021 4007 decembris).

364 4074 502 4135 Causam
528 4074 609 4134 inter
642 4074 776 4135 Paulum
808 4074 1005 4136 aurifabrum
1037 4089 1068 4136 ct
1099 4075 1261 4137 llndream
1287 4074 1424 4151 iuratum
1451 4073 1516 4135 lah

259 4179 378 4241 dictum
412 4178 539 4239 racione
571 4179 737 4241 cuiusdam
769 4181 944 4241 solucionis
980 4182 1132 4262 peccunie
1162 4202 1217 4263 per
1251 4182 1355 4263 ipsum
1381 4179 1517 4241 l'aulum

258 4284 453 4347 aurifabrum
479 4305 535 4367 per
560 4284 836 4363 adjudicacionem
858 4285 1078 4367 delegatorum
1095 4307 1289 4349 assessorum
1313 4287 1398 4367 regie
1419 4287 1517 4348 Maie-

258 4392 346 4453 statis
371 4392 497 4453 cuidam
531 4392 680 4453 blichaeli
712 4393 812 4453 sutori
844 4412 962 4473 genero
995 4393 1130 4455 condam
1159 4396 1243 4457 Luce
1276 4393 1347 4454 date
1372 4407 1402 4454 et
1427 4392 1517 4469 facte,

259 4499 344 4575 juxta
368 4500 496 4560 testium
523 4499 746 4581 deposiciones
770 4498 984 4582 infrascriptae
1015 4500 1106 4577 iurati
1131 4501 1405 4583 adjudicaverunt,
1429 4498 1517 4580 quod

259 4626 296 4669 ex
321 4624 387 4687 quo
412 4605 554 4688 prefatus
579 4606 697 4668 Paulus
720 4604 880 4667 aurifaber
907 4620 1064 4686 protunc
1095 4606 1190 4687 judex
1214 4608 1335 4688 absque
1360 4623 1518 4667 consensu

259 4730 391 4775 suorum
408 4711 586 4793 juratorum
603 4711 777 4795 quemdam
798 4710 969 4775 Nicolaum
987 4710 1143 4775 Horwatb
1166 4732 1225 4795 pro
1248 4711 1365 4775 debitis
1380 4710 1516 4774 condam

261 4818 347 4882 Luce
378 4819 495 4883 sutoris
528 4819 737 4899 contentavit,
764 4819 864 4883 boves
893 4836 969 4881 suos
991 4818 1032 4881 ab
1048 4817 1177 4883 eodem
1207 4818 1406 4897 sufferendo,
1436 4834 1519 4899 quos
