3502 5264
255 335 312 397 188
639 337 725 394 Anno
748 349 838 411 1509.
864 368 907 378 -
930 345 979 410 27.
1003 335 1116 407 aprilis.

356 547 460 610 Causa
495 547 585 607 Hans
617 547 747 628 pictoris
779 545 932 627 (racione)
964 545 1130 607 cuiusdam
1160 542 1251 605 fundi
1285 541 1427 605 eiusdem
1462 540 1516 601 lo·

249 653 365 715 hannis
399 653 530 736 pictoris
554 668 585 714 et
617 654 735 730 literas,
768 653 852 713 idern
886 652 976 713 Hans
1005 671 1041 712 ex
1074 652 1225 713 mandato
1258 649 1382 712 domini
1415 647 1516 710 nostri

248 758 456 821 Illustrissimi
481 779 545 819 non
561 759 710 819 benivole
727 759 830 819 tocius
851 758 1105 833 communitatis,
1123 758 1184 818 sibi
1202 756 1310 817 literas
1334 755 1402 816 dari
1418 772 1517 836 super

248 865 388 927 eundem
414 864 562 944 fundum,
586 865 680 946 jurati
705 867 750 925 sic
779 863 1055 941 adjudicaverunt,
1087 865 1112 925 si
1138 882 1213 924 vero
1239 863 1343 923 dictus
1367 860 1458 922 Hans
1480 879 1516 922 se

248 971 459 1055 spoponderit
482 991 577 1053 super
602 971 741 1033 eundem
767 969 904 1031 fundum
934 972 1040 1031 denuo
1073 971 1188 1032 domos
1213 968 1372 1047 edificare,
1397 981 1515 1030 extunc

247 1077 373 1154 habeat,
398 1077 422 1137 si
456 1094 561 1138 autem
595 1097 660 1138 non
688 1077 828 1138 voluerit
859 1075 1018 1154 edificare,
1040 1077 1113 1137 ideo
1145 1076 1296 1137 volumus
1319 1074 1409 1135 alteri
1435 1072 1514 1135 dare

247 1183 303 1263 qui
327 1203 360 1244 se
384 1183 566 1265 spopondet
591 1184 724 1244 domum
751 1181 899 1244 edificare
924 1202 1019 1264 super
1044 1182 1194 1244 eundem.

353 1289 458 1351 Causa
484 1290 566 1350 inter
591 1288 769 1369 Georgium
787 1289 939 1350 colonum
964 1288 1108 1350 Bradach
1126 1304 1156 1350 et
1173 1290 1308 1350 alterurn
1335 1287 1515 1366 Georgium

246 1393 443 1477 Pahwthych
468 1395 508 1457 de
535 1396 693 1478 Pobresya
719 1395 849 1456 racione
874 1409 904 1455 et
936 1408 1082 1477 pretextu
1106 1395 1314 1456 serviciorum
1339 1411 1471 1454 suorum
1496 1411 1514 1452 a

248 1500 434 1581 quindecim
459 1501 552 1562 annis
585 1502 703 1581 quibus
735 1501 875 1561 eundem
907 1501 1088 1562 servivisset
1124 1514 1155 1562 et
1186 1500 1284 1561 nichil
1309 1500 1415 1560 eidem
1448 1499 1514 1559 sol·

245 1608 351 1686 visset,
375 1606 516 1690 prefatus
540 1627 616 1669 vero
642 1606 802 1688 Georgius
827 1606 1021 1691 Pahwthych
1054 1609 1235 1689 respondit:
1269 1607 1343 1668 licet
1366 1605 1513 1667 servierit

246 1712 324 1774 mihi
350 1727 457 1774 tamen
492 1714 614 1775 nullam
647 1713 900 1774 convencionem
934 1732 1042 1773 secum
1074 1712 1134 1775 leci
1167 1734 1204 1775 ex
1236 1732 1302 1794 quo
1327 1712 1512 1774 eundema

245 1819 387 1900 puericia
412 1819 546 1881 educavi
571 1832 602 1880 et
625 1839 911 1901 composueramus
944 1819 1075 1879 insimul
1100 1835 1134 1880 ut
1158 1839 1285 1881 mecum
1311 1834 1454 1881 maneret
1479 1819 1513 1880 in

244 1924 397 1985 omnibus
421 1925 501 1985 meis
525 1939 678 2006 tanquam
703 1925 779 2001 suis,
803 1939 911 1987 tamen
945 1944 995 1985 me
1021 1945 1093 1986 cum
1128 1945 1227 1987 uxore
1251 1945 1307 1986 sua
1332 1925 1513 1987 inhonestis

245 2030 351 2092 verbis
375 2029 481 2091 affecit
505 2045 536 2092 et
560 2031 753 2112 vituperavit
778 2045 808 2092 et
832 2050 913 2091 uxor
936 2050 992 2091 sua
1018 2032 1207 2109 verberavit,
1232 2045 1328 2113 prout
1352 2032 1413 2092 hoc
1436 2050 1512 2092 cum

243 2137 378 2198 testibus
402 2135 573 2218 fidedignis
596 2136 791 2198 sufficienter
823 2138 1056 2219 comprobavit,
1089 2152 1119 2199 et
1144 2139 1246 2199 eciam
1272 2138 1357 2199 idem
1384 2137 1514 2199 dicebat

244 2242 283 2303 de
307 2241 392 2304 furto
420 2263 478 2304 suo
496 2244 708 2324 quadraginta
728 2243 809 2321 flor,
832 2263 914 2323 quos
938 2243 1070 2324 quidam
1089 2242 1229 2305 famulus
1246 2263 1322 2305 suus
1346 2244 1513 2322 subtraxit,

244 2350 332 2429 quod
358 2348 418 2409 hoc
444 2348 570 2411 lecisset
593 2369 649 2431 per
682 2348 949 2410 informacionem
983 2351 1090 2410 uxoris
1120 2370 1176 2412 sue
1202 2370 1238 2411 ex
1274 2370 1339 2431 quo
1365 2351 1432 2432 ipse
1465 2348 1512 2411 f-

244 2456 351 2515 mulos
376 2455 510 2516 nescivit
535 2457 588 2516 ubi
615 2468 802 2537 reposuerat
825 2455 942 2516 dictam
976 2457 1157 2536 pecuniam,
1182 2457 1276 2536 jurati
1302 2457 1511 2537 adjudicave-

243 2577 328 2639 runt,
352 2563 440 2641 quod
466 2582 502 2621 ex
528 2581 593 2642 quo
626 2562 765 2622 eundem
800 2561 995 2644 Pahwthych
1028 2561 1235 2624 inhonoravit
1269 2580 1299 2624 et
1330 2564 1513 2625 verberavit

243 2666 342 2727 nichil
368 2667 464 2728 debet
487 2668 546 2727 sibi
572 2667 696 2727 solvere
729 2686 786 2747 pro
819 2668 960 2727 serviciis
992 2687 1029 2726 ex
1054 2687 1120 2748 quo
1145 2669 1176 2728 in
1209 2668 1323 2729 eadem
1348 2668 1447 2729 domo
1480 2682 1512 2731 et

242 2773 383 2833 sessione
409 2773 547 2833 eundem
582 2773 721 2847 dimisit;
752 2772 790 2831 de
825 2771 910 2832 furto
942 2789 1050 2833 autem
1075 2774 1162 2853 quod
1188 2794 1268 2835 uxor
1299 2775 1444 2836 eiusdem
1469 2774 1510 2836 ad

242 2891 393 2938 octavum
418 2878 504 2938 diem
531 2878 633 2954 jurate
659 2878 789 2938 debebit
810 2878 897 2957 quod
924 2897 996 2938 cum
1022 2880 1102 2939 scitu
1118 2899 1177 2939 suo
1202 2878 1344 2960 prelatus
1368 2879 1511 2941 famulus

244 2982 348 3043 dictos
372 2984 582 3064 quodraginta
613 2983 681 3044 llor.
717 3003 781 3042 non
808 2984 925 3063 recepit
957 3004 1062 3064 neque
1095 2983 1281 3047 informavit
1305 2987 1457 3063 eundem,
1481 2987 1509 3047 si

243 3087 394 3165 juraverit
415 3092 454 3150 ab
473 3088 602 3149 iufamia
628 3089 865 3169 expurgabitur,
883 3090 907 3148 si
927 3109 1002 3150 vero
1017 3109 1081 3149 nou
1100 3090 1251 3167 juraverit
1274 3106 1350 3152 tunc
1375 3092 1509 3153 eosdem

242 3194 367 3254 solvere
400 3195 578 3268 tenebitur3
604 3195 642 3255 de
668 3214 733 3274 quo
757 3193 877 3271 judicio
902 3197 995 3254 ambe
1020 3210 1124 3275 partes
1147 3211 1297 3258 contente
1322 3212 1406 3258 sunt.

350 3300 434 3372 Quia
460 3300 601 3378 religiosi
629 3315 658 3360 et
684 3298 890 3359 honorabiles
915 3298 1025 3360 fratres
1049 3300 1213 3362 lohannes
1236 3318 1266 3362 et
1292 3302 1430 3364 Michael
1455 3323 1507 3365 or·

245 3406 329 3465 dinis
353 3406 452 3465 sancti
479 3406 639 3465 Dourinici
667 3406 697 3465 in
723 3405 858 3465 claustro
880 3407 978 3465 sancti
997 3406 1120 3466 Nicolai
1139 3409 1295 3487 Zagrabie
1320 3407 1456 3472 fundato
1473 3424 1507 3473 et

244 3513 492 3592 circumspectus
518 3511 707 3571 Dominicus
739 3511 914 3592 Pcruvvvch
948 3512 1050 3571 dictus
1074 3514 1182 3573 senior
1214 3514 1308 3591 judex
1333 3530 1441 3578 noster
1472 3517 1505 3578 in

242 3619 317 3679 sede
342 3633 449 3679 nostra
476 3618 639 3688 judiciaria
666 3637 723 3697 pro
741 3618 891 3677 tribunali
917 3619 1103 3679 sedentibus
1126 3638 1233 3681 coram
1253 3622 1346 3681 nobis
1370 3636 1506 3704 utreque

242 3725 384 3805 parcium
411 3723 554 3783 confesse
579 3739 609 3782 et
636 3721 716 3782 lasse
741 3737 824 3795 sunt,
857 3723 943 3802 quod
978 3726 1125 3802 quamvis
1158 3727 1239 3785 inter
1263 3726 1394 3788 eosdem
1420 3742 1506 3791 certe

243 3829 402 3889 discordie
427 3844 456 3888 et
483 3830 612 3889 materie
639 3829 703 3888 litis
735 3844 864 3908 propter
892 3831 1053 3908 quandam
1087 3831 1199 3891 silvam
1226 3848 1334 3894 exorte
1360 3832 1505 3912 luissent,

244 3935 275 3994 iu
300 3934 375 3994 sede
400 3949 506 3993 nostra
533 3934 698 4002 iudiciaria
724 3934 876 3993 ventilate
901 3954 935 3993 ac
954 3936 1054 3994 eciam
1080 3937 1218 4016 quedam
1244 3959 1338 3999 cause
1362 3939 1429 4000 litis
1451 3959 1507 4001 oc·

242 4041 369 4102 sasione
396 4060 562 4119 processus
587 4041 617 4099 in
643 4039 717 4098 sede
744 4056 849 4099 nostra
875 4042 1059 4101 evenientes
1083 4058 1113 4102 et
1141 4057 1209 4103 orte
1235 4064 1342 4105 coram
1368 4044 1505 4107 domino

243 4147 362 4206 vicario
388 4146 418 4205 in
444 4146 519 4205 sede
550 4144 707 4225 spirituali
742 4161 826 4204 utute
859 4145 1058 4226 diversisque
1094 4150 1175 4209 inter
1210 4150 1313 4211 dictos
1338 4151 1451 4213 iratres
1473 4166 1506 4214 et

242 4251 451 4312 Dominicunr
477 4251 744 4310 altercationibus
760 4250 876 4310 habitis
892 4254 1007 4331 quisvis
1024 4254 1122 4313 modo
1140 4256 1315 4317 exorbitate
1340 4272 1373 4318 et
1395 4256 1506 4319 fulmi-

243 4373 337 4416 nante
364 4355 479 4427 l'orent,
506 4375 560 4435 per
592 4357 735 4414 medium
766 4355 972 4416 honestorum
1004 4373 1033 4417 et
1067 4362 1225 4420 bonorum
1259 4363 1401 4423 virorum
1434 4378 1506 4426 tum

242 4461 456 4544 spiritualium
483 4476 549 4518 tum
577 4461 719 4519 <uilium
746 4462 896 4520 omnibus
925 4466 1146 4523 reintraversiis
1178 4468 1316 4527 vicissim
1340 4485 1505 4533 cessarunt

242 4583 272 4629 et
296 4566 571 4628 concordaverunt
601 4563 910 4645 parasiticaveruntque
943 4569 1165 4644 anricabiliter,
1197 4573 1238 4632 ita
1262 4587 1381 4651 tamen,
1413 4575 1507 4656 quod

241 4673 355 4738 silvam
387 4670 539 4731 antedicti
574 4669 733 4730 Dominiei
768 4669 939 4751 l‘esorvych
972 4692 1030 4752 pro
1062 4693 1125 4753 qua
1158 4676 1196 4735 lis
1224 4675 1284 4738 luit
1307 4692 1418 4740 exorta
1441 4680 1506 4762 ipsi

242 4778 416 4843 Dominico
441 4790 475 4839 ut
491 4794 580 4836 suam
599 4774 832 4856 relinquerunt,
848 4795 916 4836 sese
940 4795 1072 4859 quoque
1088 4795 1202 4841 mutuo
1218 4782 1359 4845 vicissim
1381 4784 1504 4866 quitos,
