3502 5264
246 335 305 396 182
625 337 711 394 Anno
732 348 823 410 1509.
849 368 889 378 —
916 348 965 412 23.
982 337 1132 410 januarii.

347 545 425 607 Item
450 545 596 606 Thomas
621 544 778 606 Horwath
796 544 835 606 de
859 545 954 606 llicza
979 558 1088 607 contra
1107 545 1216 607 Mihek
1240 545 1382 609 villicum
1401 548 1507 630 primo

243 651 358 713 citatus
381 670 446 713 non
472 651 664 733 comparuit.

346 758 425 820 Item
457 758 567 821 relicta
599 757 825 842 Markowycha
867 760 907 822 de
940 760 1135 823 Werhowcz
1167 759 1310 841 possidet
1342 762 1506 841 quandam

240 865 369 927 vineam
394 879 425 928 et
448 865 564 927 silvam
588 885 687 948 penes
711 867 846 928 eandem
871 886 927 950 per
955 868 1198 950 predecessores
1229 886 1305 928 suos
1328 880 1451 950 emptas
1476 881 1508 930 et

242 991 298 1053 per
321 971 532 1053 quadraginta
557 991 660 1033 annos
684 970 744 1033 fuit
768 973 800 1033 in
830 973 1043 1054 possessione,
1068 991 1166 1053 quam
1191 972 1383 1034 Ambrosius
1405 987 1506 1052 sutor,

241 1077 372 1157 juratus,
396 1081 557 1141 asserebat
579 1098 669 1140 suam
694 1098 750 1160 per
774 1079 881 1160 proles
905 1098 987 1160 quos
1011 1079 1107 1141 babet
1128 1079 1167 1140 de
1192 1079 1295 1160 prima
1320 1098 1418 1141 uxore
1436 1098 1506 1158 sua,

157 1223 162 1232 ·
241 1197 272 1245 et
296 1185 389 1245 datus
412 1199 479 1247 erat
502 1184 563 1246 sibi
587 1184 744 1246 terminus
768 1197 802 1246 ut
825 1184 895 1264 jura
918 1185 1103 1248 ostenderet
1126 1185 1214 1267 quod
1240 1185 1372 1247 minime
1402 1186 1508 1267 potuit

243 1309 350 1371 neque
375 1291 486 1368 valuit,
510 1290 584 1352 ideo
610 1290 828 1371 adjudicatum
853 1305 899 1353 est
923 1292 983 1353 sibi
1003 1307 1037 1354 ut
1053 1292 1121 1374 ipsa
1147 1293 1329 1355 Markoicza
1354 1292 1505 1355 cumbe·

243 1395 374 1458 redibus
398 1396 464 1458 suis
487 1396 716 1478 perpetualiter
739 1397 855 1459 habeat
879 1411 910 1460 et
933 1398 1105 1480 possideat.

374 1626 471 1706 Feria
500 1627 604 1705 tercia
633 1645 710 1724 post
739 1636 862 1707 festum
890 1635 979 1707 beati
1009 1637 1179 1708 Vinceocii
1209 1638 1375 1707 martiris.

747 1819 810 1884 (23.
827 1807 996 1883 januarii).

347 1962 493 2024 Thomas
526 1963 682 2025 Horwath
715 1981 824 2026 contra
857 1965 954 2048 Myhe
986 1966 1129 2028 secundo
1169 1967 1283 2029 citatus
1319 1987 1383 2029 non
1418 1987 1506 2031 com·

241 2084 358 2155 paruit.
