3502 5264
245 369 286 434 54
616 353 703 410 Anno
725 346 820 428 1488.
845 385 888 395 —
910 364 939 429 7.
963 355 1132 415 novembris.

242 566 398 630 sussionis
422 585 478 648 per
495 564 615 645 juratos
639 563 854 644 adjudicatam
872 577 903 627 et
926 565 965 626 ad
984 566 1126 628 seniores
1142 565 1264 647 judices
1292 565 1503 648 pereundam

242 673 449 736 Valentinum
476 672 637 734 seniorem
661 669 800 751 judicem
829 671 1036 753 appellatam,
1067 673 1210 735 seniores
1232 672 1354 753 judices
1378 670 1503 752 adjudi-

242 792 395 842 caverunt
419 791 450 841 et
482 776 754 840 confirmaverunt
784 777 865 838 sicut
895 778 1157 858 adjudicaverant
1188 779 1275 860 prius
1306 777 1411 858 jurati,
1444 777 1504 838 hoc

242 885 377 968 adjecto,
401 885 491 968 quod
518 882 659 966 prelatus
683 883 873 946 Valentinus
896 886 1003 947 senior
1023 885 1120 968 judex
1144 905 1217 948 cum
1240 886 1336 947 tantis
1360 884 1506 968 personis

243 993 302 1055 sibi
328 993 488 1054 similibus
511 991 592 1053 sicut
615 1010 672 1074 per
696 989 815 1071 juratos
847 991 1065 1073 adjudicatum
1091 1006 1138 1054 est
1170 992 1348 1054 secundum
1373 1010 1505 1053 consve-

242 1100 389 1162 tudinem
425 1097 561 1160 civitatis
592 1111 737 1179 tempore
769 1096 890 1179 prelixo
923 1099 955 1159 in
996 1098 1068 1161 loco
1100 1113 1252 1162 consveto
1288 1098 1504 1179 juramentum

243 1206 339 1269 debet
362 1205 524 1289 deponere
559 1204 615 1268 tali
651 1203 761 1282 modo,
797 1204 885 1285 quod
919 1204 984 1285 ipse
1017 1225 1054 1266 ex
1087 1205 1215 1287 propria
1247 1205 1411 1267 voluntate
1447 1224 1504 1267 sua

243 1313 348 1394 ipsum
380 1312 535 1374 Jacobum
567 1325 721 1373 sartorem
757 1329 822 1371 non
857 1311 1011 1393 percussit
1042 1330 1100 1373 nec
1136 1311 1175 1373 de
1209 1312 1263 1374 illa
1298 1312 1504 1394 percussione

243 1433 388 1482 mortuus
411 1432 475 1495 est;
500 1417 681 1500 juramento
705 1416 865 1499 deposito,
889 1415 1030 1499 prefatus
1062 1417 1253 1480 Valentinus
1276 1418 1384 1480 senior
1409 1418 1505 1497 judex

242 1526 283 1588 ab
307 1525 460 1587 omnibus
483 1524 595 1586 amicis
619 1537 650 1585 et
680 1523 928 1603 consanguineis
961 1523 1104 1585 eiusdem
1135 1524 1245 1585 Jacobi
1270 1525 1400 1586 sartoris
1424 1544 1505 1586 nun·

243 1650 341 1713 quam
373 1630 522 1712 impediri
554 1629 651 1691 debet
679 1649 784 1711 neque
816 1630 926 1710 possit.
951 1629 1028 1691 ltem
1060 1629 1250 1692 Valentinus
1279 1631 1387 1692 senior
1410 1630 1506 1710 judex

243 1756 308 1799 non
333 1750 502 1799 contentus
526 1736 565 1797 de
589 1735 834 1816 adjudicacione
866 1736 1030 1797 seniorum
1062 1736 1102 1797 ad
1134 1736 1321 1817 magistrum
1346 1736 1505 1799 thaverni-

243 1862 356 1906 corum
381 1842 566 1926 appellavit.

343 2043 438 2118 Faria
466 2052 563 2117 sexta
593 2044 746 2134 proxima
775 2053 851 2134 post
878 2044 1002 2116 festum
1035 2042 1251 2116 Visitacionis
1280 2045 1397 2117 Maria

790 2201 837 2277 (4.
852 2196 955 2275 julie).

350 2338 428 2402 ltem
451 2358 546 2402 causa
571 2339 652 2401 inter
676 2338 885 2401 Valentinum
907 2337 1116 2420 Nadulenycz
1141 2351 1172 2398 et
1196 2337 1362 2399 dominam
1388 2337 1505 2400 Kathe-

243 2448 346 2510 rinam
370 2460 551 2508 consortem
576 2446 651 2507 Jans
676 2442 854 2525 freniparis,
881 2444 985 2526 prima
1009 2444 1134 2507 sitacio.

350 2552 427 2615 ltem
451 2572 545 2615 causa
570 2552 652 2614 inter
676 2551 856 2613 Janlonem
881 2564 912 2613 et
943 2550 1109 2612 dominam
1135 2550 1344 2613 Katherinam
1372 2550 1506 2633 Stepha-

244 2681 378 2746 nyczam
401 2661 530 2722 racione
555 2658 721 2720 cuiusdam
746 2672 839 2736 terre,
864 2658 978 2720 citacio
1002 2657 1115 2739 prima.

350 2765 428 2829 ltem
461 2785 553 2828 causa
587 2765 668 2826 inter
700 2765 832 2825 lwrsam
866 2778 897 2825 et
931 2763 1097 2825 dominam
1129 2762 1328 2825 Dorotheam
1362 2764 1507 2826 relictam

244 2873 382 2935 condam
407 2872 504 2934 Blasii
529 2870 630 2948 Slani‚
654 2870 768 2932 sitacio
792 2870 942 2932 secunde.

350 2980 428 3043 ltem
445 2999 539 3041 causa
564 2979 645 3040 inter
670 2975 800 3039 Gallum
820 2976 998 3058 Kudelycz,
1015 2991 1050 3038 ut
1065 2990 1218 3055 actorem,
1242 2990 1272 3037 et
1296 2976 1507 3039 Valentinum

243 3102 385 3150 sutorem
419 3100 453 3147 ut
485 3086 517 3146 in
547 3103 674 3145 causam
709 3097 883 3160 attactum,
915 3081 1004 3163 quod
1036 3081 1226 3143 Valentinus
1256 3097 1345 3143 sutor
1376 3081 1508 3145 dixisset

245 3195 351 3256 eidem
378 3191 475 3254 Gallo
501 3190 670 3273 Kudelycz
695 3189 810 3250 melius
826 3202 907 3249 esset
934 3188 990 3248 tibi
1016 3188 1040 3248 si
1067 3187 1290 3270 subplantares
1313 3203 1401 3250 tuam
1425 3190 1508 3250 veri·

244 3299 406 3375 cundiam,
425 3300 465 3360 ita
485 3297 576 3375 jurati
595 3295 870 3374 adjudicaverunt,
883 3294 971 3375 quod
989 3307 1163 3375 antequam
1180 3295 1268 3377 prius
1286 3294 1372 3356 idem
1392 3295 1508 3358 Gallus

243 3406 409 3469 absolutus
432 3403 552 3480 luisset,
577 3403 706 3464 dixisset
730 3416 761 3462 et
785 3420 849 3461 non
868 3400 1006 3481 negavit,
1028 3399 1084 3460 sed
1100 3414 1225 3462 tantum
1249 3402 1338 3481 quod
1363 3420 1422 3463 nos
1440 3421 1505 3464 non

243 3531 354 3575 sumus
371 3511 491 3588 iudices
508 3508 587 3584 fide;
605 3522 735 3590 propter
752 3521 857 3568 autern
876 3507 965 3588 quod
990 3505 1119 3567 dixisset
1140 3507 1200 3568 sibi
1217 3508 1303 3568 abibi
1315 3503 1352 3589 (i)
1368 3509 1508 3571 exterius

244 3635 274 3682 et
287 3633 440 3681 tortorem
458 3617 665 3691 nominasset,
676 3614 762 3675 idem
775 3612 888 3675 Gallus
902 3633 966 3674 non
981 3612 1092 3674 habuit
1105 3614 1325 3675 testimonium
1335 3634 1401 3697 quo
1414 3635 1508 3698 apro·

245 3726 325 3802 bari,
350 3726 425 3806 quia
450 3723 626 3784 secundum
651 3721 917 3783 consuetudinem
951 3720 1087 3781 civitatis
1118 3739 1183 3781 non
1219 3723 1324 3803 potuit
1358 3725 1507 3805 aprobari

245 3850 318 3893 cum
344 3829 472 3891 famulis
494 3829 569 3890 suis
603 3827 722 3890 Omnia
754 3840 860 3887 autem
894 3825 955 3887 alia
984 3826 1117 3905 negocia
1148 3845 1210 3907 que
1236 3842 1403 3890 vertuntur
1427 3830 1509 3892 inter

244 3937 375 4001 eosdem
401 3937 432 3998 in
458 3937 563 4018 primo
589 3934 709 4012 judicio
727 3947 934 4015 compareant
951 3946 980 3993 et
997 3932 1174 3993 secundum
1197 3932 1369 3996 sessionem
1394 3936 1509 4015 judicis

244 4045 319 4107 anni
345 4044 432 4105 illius
456 4062 530 4103 sera
556 4040 680 4119 justicia
705 4040 789 4100 inter
813 4038 943 4099 eosdem
968 4038 1230 4101 ministrabitur.

396 4244 490 4317 Fetia
520 4258 617 4315 sexta
644 4239 796 4332 proxima
825 4249 899 4329 past
935 4239 1054 4310 testum
1085 4238 1224 4312 imerici
1252 4241 1356 4314 dacis

757 4399 793 4469 J.
819 4393 999 4451 flclmdffl'l.

353 4519 429 4580 ltern
461 4538 556 4578 causa
588 4517 670 4578 inter
704 4516 873 4577 Nicolaum
908 4515 1045 4582 iuratum
1077 4529 1107 4576 et
1140 4516 1310 4579 Nicolaum
1343 4519 1508 4604 Halicycz,

248 4625 388 4687 &cunda
412 4624 536 4686 citatio.

352 4729 430 4791 laem
453 4748 547 4790 causa
573 4729 656 4789 inter
672 4726 830 4809 ,agnitam
857 4727 1084 4790 Busschiceam
1109 4744 1141 4790 et
1166 4728 1254 4791 l‘aris
1277 4744 1435 4795 artuum
1458 4754 1508 4797 re·

247 4835 342 4904 sione
363 4834 591 4923 percussionis,
612 4833 653 4898 sd
677 4835 819 4922 primum
842 4833 999 4919 judicium
1021 4835 1118 4900 debet
1141 4835 1348 4921 repondere
