3502 5264
248 364 290 431 86
610 369 696 425 Anno
718 382 812 445 1492.
837 403 877 414 -
903 384 948 432 tt.
972 370 1147 446 septembris.

246 579 464 641 subtrahendo
490 579 617 640 easdem
637 599 685 639 res
708 579 855 660 auffugit,
871 582 965 663 jurati
981 583 1258 664 adjudicaverunt,
1276 585 1365 668 quod
1390 606 1429 647 ex
1446 605 1517 668 quo

247 687 313 769 ipse
338 705 387 747 res
411 687 442 746 in
468 686 567 746 domo
593 685 691 765 ipsius
716 687 887 748 Mikulicza
906 687 1036 751 fuerunt
1057 690 1162 752 ablate
1187 692 1218 752 in
1244 691 1343 755 domo
1359 712 1417 754 sua
1434 708 1514 754 eunt

246 809 278 855 et
299 793 430 855 tandem
456 812 512 873 per
535 792 674 853 eundem
694 793 865 855 Mikulicza
890 795 975 856 idern
993 797 1110 857 mulier
1134 811 1297 880 comperta
1321 813 1353 861 et
1377 799 1514 862 inventa

246 919 320 961 cum
343 900 438 961 rebus
453 897 524 976 iuit,
548 913 579 959 et
602 899 732 959 easdem
756 919 806 961 res
822 900 908 981 apud
930 900 1067 963 eandem
1085 902 1208 964 habitas
1232 903 1317 967 idem
1336 904 1514 967 Miuulicza

246 1007 286 1068 ab
310 1007 423 1068 eadem
448 1004 606 1083 rehabuit,
631 1005 705 1065 ideo
730 1005 770 1065 ad
795 1006 906 1067 feriam
932 1021 1051 1068 sextam
1086 1009 1265 1089 proximam
1290 1010 1377 1073 idem
1402 1010 1517 1073 Miku·

246 1114 324 1175 licza
350 1113 453 1193 jurare
478 1110 649 1187 tenebitur,
674 1111 761 1192 quod
794 1112 943 1193 quitquid
976 1114 1080 1194 primo
1106 1115 1145 1176 de
1178 1115 1254 1197 ipsis
1277 1117 1373 1179 rebus
1397 1116 1516 1180 babuit

246 1220 321 1280 dare
346 1219 462 1280 debeat
478 1232 508 1278 et
526 1217 662 1298 desuper
679 1216 795 1277 habitis
812 1233 841 1278 et
867 1237 1010 1298 peream
1028 1221 1163 1302 receptis
1186 1221 1284 1283 nichil
1301 1221 1374 1303 plus
1390 1220 1510 1298 habet3

247 1326 321 1387 ideo
333 1326 358 1386 si
373 1325 490 1405 jurabit
503 1324 562 1384 etit
575 1337 766 1384 exoneratus
783 1339 813 1384 et
831 1325 996 1385 absolutus
1009 1327 1049 1386 ab
1067 1327 1273 1407 impeticione
1290 1326 1391 1410 ipsius
1407 1327 1514 1407 Luce,

247 1433 316 1513 ipse
339 1450 415 1492 vero
442 1431 544 1491 Lucas
567 1429 606 1490 sit
630 1443 798 1489 contentus
821 1429 861 1489 de
885 1430 1005 1490 eisdem
1035 1450 1093 1491 nec
1124 1432 1263 1494 eundem
1288 1433 1514 1515 peramplius

247 1540 285 1600 de
310 1536 523 1618 superhabitis
547 1537 642 1596 rebus
666 1534 827 1614 requirere
856 1536 956 1615 possit
988 1537 1063 1617 quia
1089 1552 1180 1599 etex
1205 1557 1271 1619 quo
1302 1538 1370 1620 ipse
1402 1538 1512 1600 Mika-

247 1646 326 1706 licza
352 1657 424 1726 post
448 1641 583 1703 eandem
609 1641 776 1702 mulierem
810 1640 978 1702 ambulans
1006 1642 1045 1702 de
1069 1643 1135 1704 suis
1165 1645 1241 1706 satis
1265 1644 1431 1726 exposuit3
1455 1645 1513 1705 ubi

246 1752 341 1813 ambe
366 1765 454 1832 parte
479 1749 517 1810 de
543 1748 663 1827 judicio
687 1762 836 1809 contente
861 1745 999 1809 luerunt.

552 1988 698 2057 Sabbata
726 1986 789 2070 die,
817 1989 848 2055 in
880 1986 965 2056 festo
994 1987 1083 2057 beati
1113 1979 1226 2075 Egidii.

749 2138 792 2215 (1.
817 2139 1006 2215 septembris).

353 2283 504 2344 Seniores
522 2280 643 2357 iudices
660 2298 787 2339 causam
806 2278 887 2340 inter
904 2279 1059 2339 Jacobum
1077 2279 1156 2340 alias
1173 2279 1317 2341 villicum
1334 2279 1374 2341 de
1392 2280 1512 2344 Jastre·

246 2392 359 2451 barzca
384 2402 415 2449 et
441 2388 560 2448 anam
587 2384 748 2466 Ribarych
773 2385 901 2445 racione
932 2384 1182 2465 vituperacionis
1206 2400 1301 2464 prout
1325 2386 1357 2445 in
1382 2385 1512 2466 adjudi-

246 2497 376 2558 catione
401 2493 578 2571 juratorum
610 2504 824 2571 expressatum
858 2505 914 2566 est,
947 2491 991 2549 sic
1022 2489 1297 2568 adjudicaverunt,
1328 2491 1417 2571 quod
1444 2492 1513 2574 ipse

247 2603 349 2664 Lucas
374 2597 535 2682 Ribarych
553 2611 682 2678 propter
698 2596 955 2677 vituperaciones
972 2610 1081 2656 contra
1100 2595 1203 2676 ipsum
1229 2595 1385 2657 Jacobum
1405 2597 1514 2661 illatas

245 2707 411 2770 convictus
435 2719 481 2765 est
507 2704 538 2764 in
571 2703 683 2764 decem
713 2702 819 2782 pensis
852 2701 1057 2761 denariorum
1084 2701 1202 2761 usualis
1233 2716 1362 2762 monete
1388 2717 1418 2764 et
1443 2723 1511 2766 non

246 2817 277 2876 in
304 2813 456 2892 homagio
481 2811 572 2885 vivo;
598 2823 701 2890 partes
725 2809 819 2868 ambe
844 2821 992 2868 contente
1018 2820 1091 2867 sunt
1115 2806 1155 2866 de
1180 2806 1310 2884 judicio.

448 3046 542 3118 Faria
573 3045 678 3118 tercia
707 3054 782 3134 post
812 3044 934 3114 festum
966 3040 1163 3112 Natiuitatis
1193 3043 1306 3114 llarie.

739 3196 801 3272 (11,
826 3194 1014 3271 septembris).

350 3348 455 3408 Causa
475 3346 555 3404 inter
571 3342 673 3401 Eliam
694 3339 885 3419 ireniparem
903 3350 933 3395 et
948 3334 1123 3414 Georgium
1142 3347 1294 3408 sutorem,
1313 3334 1508 3397 modernum

245 3456 395 3535 juratum,
421 3453 548 3512 racione
567 3464 597 3509 et
615 3460 759 3529 pretextu
778 3441 1025 3525 vituperacionis
1042 3455 1073 3500 et
1090 3437 1219 3499 inlamie
1246 3453 1276 3500 et
1294 3441 1398 3501 verbis
1416 3443 1508 3522 igno·

244 3561 389 3624 miniosis
415 3559 468 3619 ubi
494 3554 679 3617 altercando
703 3572 734 3612 se
760 3565 873 3612 mutuo
906 3547 1128 3627 vituperabant
1152 3558 1180 3602 et
1206 3544 1287 3603 inter
1321 3547 1383 3605 alia
1408 3550 1506 3610 verba

243 3689 297 3731 seu
324 3665 579 3747 vituperaciones
605 3679 716 3721 eorum
743 3659 809 3740 ipse
828 3656 914 3716 Elias
938 3653 977 3713 ad
996 3652 1116 3711 dictum
1143 3647 1320 3727 Georgium
1345 3651 1442 3714 dixit:
1468 3668 1504 3715 tu

241 3795 310 3853 ave,
327 3772 427 3853 vulgo
444 3769 620 3850 scz(u)rych
647 3768 677 3827 in
696 3765 802 3826 tunica
828 3762 924 3821 rubea
943 3756 1046 3836 recipe
1072 3753 1227 3834 quartale,
1251 3768 1281 3813 et
1298 3771 1411 3835 expost
1437 3757 1505 3838 ipse

243 3881 403 3960 Georgius
428 3893 512 3938 extra
531 3876 627 3935 exivit
644 3887 674 3933 et
699 3872 741 3931 ibi
756 3871 870 3930 iterum
889 3865 955 3944 ipse
983 3860 1067 3920 Elias
1091 3856 1185 3917 dixit:
1203 3875 1222 3915 o
1240 3872 1273 3915 tu
1296 3878 1387 3919 sorar
1406 3881 1504 3942 parve

242 4002 273 4048 et
297 4004 423 4046 saccum
449 3981 623 4043 meretricis
648 3978 725 4038 etsi
752 3975 849 4035 bomo
874 3981 964 4041 esset,
983 3963 1093 4043 etipse
1111 3958 1270 4037 Georgius
1285 3961 1340 4021 bec
1367 3966 1505 4029 audiens

243 4109 387 4153 reversus
412 4103 457 4149 est
483 4104 512 4147 ct
546 4087 626 4146 dixit
649 4085 758 4144 animo
791 4072 980 4153 injuriandi:
1013 4083 1045 4128 tu
1072 4065 1156 4125 Elias
1190 4081 1358 4126 consuetus
1388 4089 1421 4129 es
1446 4092 1506 4134 nos

250 4215 363 4258 omnes
387 4195 596 4253 dehonestare
614 4205 644 4250 et
663 4190 841 4268 vituperare
858 4192 981 4240 sutores
997 4189 1103 4233 nonne
1121 4169 1181 4228 scis
1198 4169 1334 4246 qualiter
1351 4176 1504 4253 expulsus

243 4303 341 4382 vulgo
366 4298 498 4361 lrustran
526 4319 558 4358 es
583 4298 622 4357 de
640 4295 778 4356 Chasma
804 4302 833 4350 et
850 4283 953 4346 simile
979 4276 1082 4340 adhue
1103 4272 1234 4333 habebis
1259 4287 1289 4334 et
1306 4280 1425 4357 emergi
1452 4281 1504 4345 hic

241 4408 297 4470 tibi
317 4419 431 4487 potest,
457 4420 550 4484 prout
575 4403 636 4463 hoc
653 4415 747 4461 testes
764 4390 951 4456 eorumdem
969 4384 1051 4445 clare
1068 4378 1285 4456 deposuerunt
1310 4393 1338 4438 et
1364 4389 1501 4447 attestati

241 4527 325 4588 aunt,
343 4511 434 4588 jurati
459 4509 732 4586 adjudicaverunt,
751 4499 838 4582 quod
867 4516 903 4556 ex
927 4509 993 4572 quo
1017 4487 1083 4567 ipse
1101 4480 1260 4559 Georgius
1277 4482 1358 4543 inter
1382 4501 1503 4551 ceteras

243 4616 498 4698 vituperaciones
515 4614 593 4673 dixit
611 4613 668 4694 ipsi
687 4610 772 4671 Elie:
798 4600 948 4684 expulsus
963 4591 1063 4673 vulgo
1086 4585 1204 4647 irustnn
1229 4602 1263 4643 es
1287 4584 1326 4645 de
1350 4585 1501 4671 Chasma,

241 4723 267 4786 si
284 4722 345 4783 hoc
370 4722 435 4801 ipse
454 4718 613 4798 Georgius
629 4716 764 4798 probare
788 4726 853 4771 non
870 4701 996 4787 poterit,
1011 4706 1126 4758 extunc
1142 4701 1250 4748 contra
1264 4688 1368 4768 iprum
1394 4690 1500 4758 Eliam

242 4827 408 4895 convictus
431 4838 478 4888 est
502 4823 534 4885 in
559 4821 713 4905 homagio
735 4818 828 4893 viv03
852 4811 893 4873 de
908 4805 980 4873 aliia
1003 4816 1079 4867 vero
1100 4790 1304 4875 vituP⁸fi⁰⁸i⁸
1326 4806 1357 4853 0¹
1380 4794 1502 4864 illiciti.
