3502 5264
664 322 865 406 Ann01487.
891 361 932 370 —
950 342 1007 404 30.
1031 325 1147 401 aprilis.

803 541 990 622 Gregorius.

801 647 995 709 Anthonius.

802 753 994 836 Stephanus.

800 860 957 921 Andreas.

803 966 1002 1028 Valentinus.

802 1072 935 1134 Blasius.

799 1179 879 1240 alter
903 1178 1037 1239 Blasius.

803 1286 965 1345 Nicolaus.

804 1391 953 1453 Michael.
1046 1371 1048 1375 ,

803 1497 950 1559 Mathias.

800 1604 941 1666 Kirinus.

802 1710 958 1774 Andreas.

801 1816 971 1897 Georgius.

802 1923 882 1986 alter
906 1922 1076 2004 Georgius.

803 2028 990 2110 Gregorius.

382 2242 458 2303 ltem
486 2241 675 2302 Dominicus
700 2241 856 2302 Perouich
883 2254 991 2303 contra
1010 2241 1151 2303 Blasium
1179 2241 1352 2303 Almanam
1378 2241 1538 2322 juramen·

275 2363 343 2409 tum
376 2367 468 2409 suum
503 2348 650 2430 deposuit
681 2347 858 2408 secundum
891 2347 979 2428 quod
1011 2348 1104 2429 jurati
1137 2348 1242 2409 eidem
1275 2347 1539 2427 dejudicaverunt

275 2468 418 2536 tempore
443 2454 601 2534 judicatus
627 2453 795 2515 Laurencii
820 2472 941 2536 sporar.

409 2708 504 2781 Feria
533 2718 631 2782 sexta
660 2709 812 2800 proxima
841 2718 920 2782 ante
948 2712 1149 2782 dominicam
1176 2709 1297 2800 judica
1327 2731 1387 2782 me.

806 2888 873 2959 (30.
897 2882 1027 2961 aprilis).

382 3038 573 3120 Causaque
598 3054 644 3102 est
669 3041 751 3101 inter
775 3041 954 3101 lankonem
984 3039 1172 3102 Fistrouche
1204 3053 1235 3101 et
1260 3040 1341 3100 inter
1365 3039 1534 3100 dominum

276 3145 477 3206 Anthonium
503 3147 691 3227 magistrum
724 3145 890 3229 hospitalis
923 3147 1050 3208 racione
1082 3145 1190 3226 (h)orti
1224 3147 1255 3206 in
1280 3146 1436 3207 suburbio
1462 3146 1537 3206 civi·

276 3252 359 3329 tatis,
387 3251 474 3331 quod
501 3251 631 3314 dederat
654 3252 784 3313 domina
816 3252 977 3314 Dorothea
1010 3272 1089 3313 uxor
1114 3251 1273 3312 Stelanicz
1306 3250 1345 3312 ad
1371 3252 1537 3313 ecclesiam

277 3358 367 3417 beate
393 3357 524 3438 virginis
549 3357 698 3439 hospitali
730 3359 866 3420 civitatis
899 3379 957 3440 pro
981 3359 1087 3420 anima
1119 3359 1237 3419 sororis
1269 3377 1325 3419 sue
1352 3358 1431 3419 Bera
1457 3356 1539 3418 dicte

277 3482 348 3523 cum
374 3464 501 3524 racione
525 3464 593 3542 tali,
617 3463 706 3544 quod
730 3465 754 3524 si
780 3464 937 3545 (h)eredes
959 3465 1058 3546 aliqui
1078 3466 1206 3546 insuper
1231 3485 1296 3525 non
1320 3465 1475 3541 vixerant,
1492 3463 1539 3543 ju·

277 3570 333 3629 rati
358 3584 463 3631 autem
490 3569 765 3650 dejudicaverunt,
791 3592 827 3632 ex
857 3591 921 3651 quo
954 3571 1038 3632 filius
1064 3571 1143 3633 Bere
1176 3572 1253 3632 vivit
1278 3585 1308 3633 et
1334 3571 1457 3632 laborat
1481 3589 1539 3652 pro

278 3675 452 3737 hereditate
485 3697 553 3754 sua,
577 3689 652 3738 tune
685 3697 750 3738 non
780 3679 884 3759 potuit
904 3677 1044 3760 cuipiam
1076 3678 1201 3739 mittere
1233 3678 1288 3738 sed
1321 3677 1420 3739 libere
1446 3678 1536 3738 debet

278 3781 394 3842 dimitti
420 3782 476 3842 illo
501 3781 567 3843 filio
597 3783 687 3843 Bere.

384 3907 461 3968 ltem
486 3928 579 3968 causa
606 3908 686 3969 inter
711 3909 882 3969 Nicolaum
908 3908 1041 3969 Horwat
1066 3923 1096 3969 et
1121 3908 1274 3970 Mathiam
1301 3907 1481 3969 carnificem
1501 3907 1537 3968 de

278 4014 349 4074 vico
375 4016 515 4075 Abbacie
540 4015 667 4076 racione
686 4015 877 4096 cuius(dam)
903 4015 994 4076 vinee
1012 4035 1109 4095 quam
1129 4016 1315 4076 vendiderat
1340 4014 1424 4075 idem
1444 4015 1540 4076 Nico·

277 4120 346 4180 laus
371 4119 525 4181 Horwath
551 4121 656 4181 eidem
684 4121 789 4181 Mathe
815 4121 846 4182 in
868 4141 1003 4202 persona
1029 4123 1135 4182 uxoris
1167 4141 1234 4197 sue,
1259 4121 1320 4200 jam
1347 4142 1411 4183 non
1436 4135 1541 4203 potest

278 4227 422 4288 inhibere
448 4227 478 4287 in
505 4228 649 4308 personis
673 4228 813 4288 filiorum
839 4247 970 4288 suorum
994 4228 1048 4288 sed
1081 4229 1175 4290 debet
1200 4228 1305 4289 eidem
1332 4227 1439 4290 Mathe
1464 4228 1539 4290 dare

278 4333 385 4393 literas
409 4333 526 4412 quibus
551 4334 766 4395 mediantibus
790 4334 885 4394 debet
913 4334 1087 4415 possidere.
1121 4334 1197 4394 ltem
1224 4334 1378 4395 Nicolaus
1405 4333 1540 4394 Horwat

278 4457 342 4498 non
368 4452 536 4499 contentus
560 4439 735 4520 appellavit
759 4439 797 4499 ad
823 4440 965 4501 seniores
994 4440 1123 4517 judices.

385 4563 460 4624 ltem
487 4583 579 4624 causa
605 4583 667 4645 que
693 4579 738 4625 est
763 4565 844 4625 inter
877 4565 1043 4626 dominam
1073 4566 1268 4627 Dorotheum
1295 4565 1438 4627 relictam
1463 4585 1539 4628 eon·

279 4668 351 4731 dam
379 4669 528 4730 Mesthlin
561 4684 590 4731 et
625 4670 758 4731 Paulum
792 4686 958 4748 sartorem,
991 4673 1103 4733 citaeio
1136 4673 1249 4754 prima,
1274 4673 1397 4753 accepit
1423 4672 1540 4734 Paulus

280 4774 363 4836 idem
382 4775 422 4837 ad
447 4775 600 4849 iudicium
626 4778 880 4839 communitatis.
