3502 5264
242 407 300 451 roa
635 390 836 467 Ann01495.
861 423 903 431 -
927 400 976 464 27.
1000 389 1110 449 martti.

702 601 839 664 Mathias
864 603 992 684 Sporar.

707 710 781 772 Blas
805 710 934 793 Sporar.

706 817 843 879 Michael
868 814 1009 898 pellifex.

705 924 895 984 Ambrosius
918 935 1030 985 sartor.

704 1029 823 1090 Paulus
848 1028 988 1089 Thislar.

706 1134 818 1197 Gurko
843 1134 1039 1216 mechytreb.

708 1240 858 1303 Nicolaus
882 1239 980 1302 labet.

707 1349 809 1408 Lucas
833 1360 932 1409 sutor.

704 1453 881 1536 Gregorius
903 1454 1058 1515 literatus.

708 1562 864 1623 Martinus
887 1561 1037 1641 agricola.

708 1668 895 1729 Franciscus
918 1667 1058 1749 sellipar.

707 1773 832 1854 Gregur
856 1785 955 1835 sutor.

710 1881 871 1941 Fabianus
898 1894 996 1942 sutor.

709 1986 855 2047 Thomas
878 2001 977 2047 sutor.

710 2092 848 2154 Michael
873 2091 970 2154 faber.

709 2198 885 2281 Gregorius
910 2199 1093 2279 Hungarus.

351 2430 456 2491 Causa
482 2430 564 2489 inter
589 2428 743 2488 iacobum
764 2426 945 2508 Bekethych
964 2440 994 2487 et
1011 2427 1220 2488 Valentinum
1246 2426 1511 2489 Konthowschalt

246 2538 277 2597 in
304 2536 408 2617 primo
432 2535 555 2614 judicio
587 2534 806 2595 testimonium
836 2546 971 2613 utraque
1004 2553 1076 2614 pars
1107 2534 1284 2614 producere
1316 2533 1447 2595 habebit
1478 2534 1511 2595 in

246 2641 330 2703 facto
359 2640 560 2701 eorumdem.

353 2766 458 2827 Causa
483 2765 565 2825 inter
590 2764 803 2825 laurencium
830 2763 948 2845 Sporar
980 2779 1011 2826 et
1035 2763 1215 2825 lohannem
1240 2763 1437 2825 aurifabrum
1462 2783 1512 2825 ra·

247 2873 339 2933 cione
371 2871 537 2932 cuiusdam
570 2871 696 2952 terragii
734 2871 877 2951 quinque
910 2871 1081 2947 dictarum,
1104 2870 1197 2947 jurati
1236 2870 1512 2947 adjudicaverunt,

248 2978 335 3059 quod
361 2980 427 3058 ipse
452 2978 613 3039 lohannes
638 2978 676 3037 ad
702 2993 850 3038 octavum
876 2978 962 3038 diem
988 2998 1061 3039 cum
1080 2977 1176 3039 blado
1201 2977 1305 3039 eidem
1331 2978 1512 3040 Laurencio

248 3084 428 3147 satisfacere
453 3085 602 3158 debebit;
627 3084 768 3167 prelatus
800 3085 962 3145 lohannes
986 3104 1051 3145 non
1083 3099 1252 3146 contentus
1273 3084 1448 3166 appellavit
1471 3085 1512 3145 ad

248 3211 400 3252 seniores.

523 3427 619 3499 Faria
647 3437 745 3498 sexta
774 3437 851 3498 aute
880 3427 1079 3498 dominicam
1109 3427 1239 3499 letare.

776 3602 838 3674 (27.
863 3602 990 3670 ittartirjl.

357 3762 462 3822 Causa
478 3763 559 3823 inter
575 3761 786 3821 laurencium
801 3760 959 3819 seniorem
973 3758 1110 3833 judicem
1125 3773 1159 3818 ut
1172 3773 1312 3820 actorem
1326 3774 1356 3820 et
1372 3760 1513 3820 lisanum

252 3870 430 3929 institorem
457 3889 492 3930 ac
518 3869 660 3929 relictam
687 3866 849 3941 Jeliczam,
875 3866 989 3926 citacio
1013 3866 1125 3947 prima.

358 3993 462 4053 Causa
481 3994 562 4053 inter
579 3992 747 4052 dominum
766 3989 964 4070 Stephanum
982 3990 1154 4050 altaristam
1172 4005 1202 4051 et
1221 3988 1373 4051 llathium
1393 3991 1513 4071 Dragin

253 4099 380 4159 racione
406 4099 482 4158 certi
508 4099 607 4158 debiti
634 4097 783 4157 videlicet
807 4109 945 4176 quatuor
977 4094 1045 4158 flor.
1070 4110 1101 4156 et
1126 4096 1238 4176 viginti
1270 4097 1414 4176 quinque
1439 4096 1513 4157 soli·

253 4206 381 4279 dorum,
408 4205 497 4277 jurati
524 4204 798 4282 adjudicaverunt,
830 4222 866 4262 ex
892 4222 958 4283 quo
990 4203 1056 4283 ipse
1081 4202 1218 4264 Mathias
1249 4203 1394 4264 debitum
1418 4204 1513 4264 trium

253 4310 322 4372 flor.
347 4325 376 4369 et
402 4311 512 4388 viginti
535 4311 678 4390 quinque
696 4309 874 4369 solidorum
900 4311 1040 4388 negavit,
1057 4323 1206 4390 quartum
1231 4329 1307 4370 sero
1333 4329 1409 4375 non.
1426 4308 1514 4388 quod

253 4417 400 4477 videlicet
427 4416 502 4476 feria
527 4417 623 4477 tercia
645 4431 715 4498 post
740 4414 935 4475 dominicam
954 4416 1053 4487 Quasi
1079 4415 1178 4476 modo
1203 4414 1304 4485 iurare
1330 4415 1458 4476 habebit
1475 4413 1514 4474 de

254 4524 328 4604 ipsis
352 4525 452 4583 tribus
476 4522 545 4584 flor.
570 4538 600 4582 et
625 4523 737 4603 viginti
763 4522 906 4603 quinque
931 4522 1043 4583 solidis
1074 4521 1162 4602 quod
1187 4522 1317 4583 eusdem
1343 4541 1407 4583 uon
1433 4520 1514 4581 obli·

253 4644 356 4711 gatur,
388 4642 535 4709 quartum
561 4649 638 4690 vero
670 4626 847 4705 florenum,
879 4647 977 4708 quem
1009 4646 1073 4690 nou
1106 4628 1254 4709 negarit,
1284 4628 1325 4690 ad
1350 4626 1514 4709 quintum·

254 4735 416 4796 decimum
449 4734 534 4795 diem
566 4735 690 4796 solvere
723 4734 838 4809 debet3
869 4735 894 4796 si
927 4733 1055 4813 jurabit,
1085 4733 1169 4797 liber
1191 4733 1261 4811 erit,
1284 4734 1310 4798 ai
1335 4752 1412 4795 reru
1437 4751 1515 4809 nou,

254 4841 386 4904 eoadem
409 4841 533 4902 solvere
556 4840 662 4904 debet.
