3502 5264
241 516 347 577 hendo
372 515 510 576 eundem
528 517 738 595 vituperasset
755 527 786 574 et
802 512 890 593 quod
908 513 992 573 male
1010 512 1152 594 jurasset,
1180 532 1254 575 cum
1277 513 1317 574 ad
1343 513 1406 575 hoc
1418 514 1508 575 idem

241 623 327 683 Elias
344 621 497 703 produxit
520 620 741 681 testimonium
767 619 854 701 quod
879 618 1013 680 minime
1037 620 1249 700 comprobare
1273 620 1380 701 potuit
1410 634 1510 701 prout

243 729 453 811 proponebat,
470 727 544 787 ideo
561 727 769 787 adinventum
783 739 829 786 est
850 745 908 806 per
924 725 1055 805 juratos,
1071 725 1159 807 quod
1177 724 1263 787 idem
1281 724 1369 787 Elias
1392 724 1424 787 in
1451 724 1510 787 illa

240 835 389 916 potencia
414 833 578 894 convictus
613 846 659 893 est
691 851 786 913 quam
814 851 887 913 erga
922 833 1026 912 ipsum
1055 832 1263 893 Valentinum
1295 832 1455 893 asserebat
1480 846 1512 893 et

241 942 457 1022 proponebat;
483 939 567 999 idem
594 938 680 998 Elias
704 958 769 997 non
794 951 963 999 contentus
986 937 1161 1019 appellavit
1185 936 1225 999 ad
1248 938 1402 1000 seniores.

346 1048 450 1109 Causa
477 1047 557 1105 inter
583 1044 771 1106 Gurltonem
797 1045 887 1105 lokar
911 1056 942 1106 et
973 1058 1154 1106 consortem
1181 1042 1330 1125 Gregorii
1354 1042 1508 1125 pellificis

240 1155 368 1215 racione
393 1168 424 1213 et
447 1165 591 1232 pretextu
612 1151 871 1231 vituperationis,
890 1151 943 1211 ubi
963 1151 1029 1231 ipse
1045 1149 1135 1211 Gurk
1152 1150 1312 1211 asserebat
1336 1150 1510 1231 quomodo

240 1279 374 1321 uxorem
399 1278 488 1318 suam
514 1277 595 1318 uxor
620 1256 731 1338 prelati
758 1255 905 1335 Gregorii
931 1256 1122 1337 appellasset
1147 1256 1346 1317 meretricem
1369 1254 1510 1317 emato-

239 1386 310 1427 rum
342 1380 373 1426 et
405 1365 436 1424 id
468 1365 603 1445 probare
638 1362 753 1439 vellet,
784 1362 838 1422 ubi
874 1363 1093 1423 testimonium
1126 1361 1279 1444 produxit
1310 1376 1341 1424 et
1371 1362 1510 1423 minime

240 1473 450 1553 comprobare
483 1469 597 1551 potuit,
631 1469 703 1529 ideo
736 1468 821 1528 idem
856 1467 968 1529 Gurlro
1001 1469 1091 1529 lokar
1127 1469 1292 1530 convictus
1316 1483 1363 1530 est
1394 1484 1509 1529 eontra

242 1599 373 1641 uxorem
408 1577 551 1637 eiusdem
586 1576 733 1656 Gregorii
768 1575 798 1635 in
829 1576 939 1636 decem
973 1576 1081 1656 pensis
1113 1576 1338 1651 denariorum
1363 1574 1510 1656 prelatus

241 1685 352 1747 Gurlto
378 1704 442 1744 non
470 1697 639 1743 contentus
664 1682 837 1763 appellavit
870 1683 909 1741 ad
934 1683 1086 1743 seniores.
1111 1718 1153 1726 -
1177 1682 1286 1743 Partes
1309 1684 1404 1743 ambe
1429 1701 1509 1745 con·

241 1792 422 1852 cordarunt.

482 1976 578 2048 Faria
607 1986 731 2066 quarta
761 1986 837 2065 post
865 1978 988 2047 testum
1023 1976 1265 2065 coneepcionis.

741 2138 802 2201 (10.
826 2130 1002 2203 decembris).

348 2270 497 2329 Seniores
516 2268 637 2341 iudices
654 2288 781 2329 causum
805 2270 886 2329 inter
903 2268 1096 2349 Gregorium
1115 2268 1293 2331 carnificem
1312 2282 1343 2331 et
1360 2269 1505 2333 lwanum

244 2377 420 2436 institorem
437 2374 634 2451 ventilatam,
659 2375 702 2435 sic
728 2374 1003 2451 atljudicaserunt,
1028 2376 1115 2455 quod
1136 2376 1220 2436 lu'an
1245 2376 1348 2457 jurare
1372 2376 1506 2439 habebit

242 2482 281 2542 ad
307 2480 417 2540 feriam
443 2494 564 2541 sextam
591 2481 677 2560 quod
704 2482 781 2540 dum
800 2482 866 2561 ipsa
892 2483 1007 2542 robora
1032 2482 1148 2542 domus
1166 2482 1233 2562 ipse
1257 2482 1340 2543 lasau
1366 2485 1507 2559 emebat,

241 2601 316 2647 tunc
349 2586 518 2665 proposuit
551 2586 638 2665 quod
673 2586 774 2646 nollet
806 2588 909 2646 donec
940 2587 1063 2648 solvere
1095 2607 1266 2668 quousque
1298 2588 1364 2648 duo
1389 2590 1506 2650 robora

241 2712 356 2771 magna
382 2691 480 2769 vulgo
506 2694 629 2772 poczky
654 2711 726 2751 cum
753 2693 819 2773 ipsa
853 2693 952 2752 domo
983 2713 1039 2753 seu
1064 2693 1159 2772 lignis
1184 2712 1248 2753 non
1273 2693 1455 2769 dabuntur;
1479 2695 1506 2755 si

244 2799 370 2874 iurabit,
395 2800 434 2857 ab
461 2798 666 2878 impeticione
692 2798 834 2858 eiusdem
862 2798 1008 2878 Gregorii
1029 2799 1109 2859 liber
1132 2800 1191 2860 erit
1215 2812 1246 2860 et
1270 2800 1354 2860 idem
1381 2797 1507 2879 Grego-

241 2907 305 2965 rius
323 2918 434 2984 querat
448 2904 592 2965 debiturn
610 2925 626 2963 a
646 2904 845 2983 blargaretha
863 2924 961 2965 uxore
980 2904 1141 2985 Gasparis,
1159 2906 1184 2965 si
1203 2924 1267 2965 nou
1285 2905 1412 2985 jurabit,
1428 2918 1506 2967 tunc

240 3011 299 3071 sibi
330 3010 477 3071 exolvere
511 3009 611 3089 ipsam
647 3009 780 3070 domum
806 3010 948 3091 plenarie
973 3010 1085 3085 debet;
1111 3012 1149 3070 de
1174 3030 1240 3091 quo
1264 3010 1384 3089 judicio
1409 3014 1505 3072 ambe

242 3131 344 3197 partes
369 3129 516 3176 contente
540 3129 623 3176 sunt.

338 3318 341 3323 ’
400 3314 494 3385 Feria
524 3316 620 3386 sexta
651 3318 727 3403 post
755 3316 877 3387 festum
908 3314 1165 3405 Epiphaniarum
1195 3316 1333 3389 Domini.

649 3484 691 3541 ft).
714 3472 863 3543 jarrrmrrr',
887 3488 957 3529 aaran.
983 3470 1091 3546 1495).

347 3591 451 3651 (iaasa
477 3592 557 3651 inter
582 3593 799 3652 venerabilem
832 3592 1000 3653 dominum
1025 3594 1204 3653 lolrunnem
1237 3593 1501 3655 archidiaconum

242 3696 449 3757 (ioricensem
476 3714 506 3758 et
528 3700 718 3757 canonicum
745 3700 985 3778 zagrabiensem
1004 3720 1040 3759 ae
1065 3700 1245 3760 iohannem
1270 3715 1435 3777 sartorem,
1460 3702 1504 3761 ci-

240 3805 322 3863 tacio
347 3805 496 3864 secunda.

347 3910 451 3969 (larisa
477 3912 557 3969 inter
582 3910 750 3970 dominam
785 3910 982 3991 Stephanum
1017 3912 1264 3993 prebentlaritun
1301 3930 1334 3973 ut
1359 3927 1500 3973 actorem

241 4031 270 4075 et
298 4016 449 4075 blachiam
478 4016 608 4091 Dragin,
633 4016 746 4075 citacio
771 4016 921 4075 secunda.

347 4122 450 4181 (lausa
477 4122 558 4181 inter
576 4120 716 4181 liranum
744 4121 920 4181 institorem
941 4138 970 4182 et
989 4124 1143 4183 iacobum
1161 4142 1316 4203 generum
1338 4124 1503 4185 llichaelis

241 4225 391 4285 aurifabri
419 4229 545 4287 ratione
572 4226 681 4287 decern
708 4228 787 4303 llnr,
813 4248 904 4307 qtrus,
923 4244 954 4288 ut
982 4228 1065 4287 idem
1091 4226 1174 4288 laun
1201 4233 1370 4303 asserebat,
1396 4230 1501 4291 eidem

240 4334 298 4391 sub
323 4352 378 4412 spe
403 4334 616 4393 restituciunis
637 4334 778 4408 dederat,
808 4334 946 4394 lacubus
970 4353 1045 4393 vero
1064 4336 1224 4395 asserebat
1248 4337 1335 4415 quod
1363 4336 1503 4396 dedisset

241 4440 344 4499 eidem
371 4460 427 4519 pro
451 4440 595 4499 subsidio
620 4441 843 4501 eliberaeiunis
871 4460 909 4503 ex
941 4442 1089 4503 manibus
1114 4440 1317 4501 'l'hurcorum
1350 4456 1381 4501 et
1405 4462 1502 4521 super

241 4544 301 4605 lroe
325 4548 544 4607 testimonium
571 4548 747 4627 producere
774 4548 880 4607 eidem
906 4548 1001 4623 judex
1025 4546 1203 4627 prelixerat,
1227 4561 1333 4607 tamea
1361 4548 1427 4626 ipse
1452 4548 1500 4607 Ja-

241 4654 341 4713 cobus
365 4656 395 4713 in
420 4654 558 4713 termino
583 4673 639 4733 per
664 4653 802 4727 judicem
827 4652 948 4735 prelixo
980 4671 1045 4714 non
1068 4652 1191 4713 curavit
1215 4652 1392 4735 producere
1416 4652 1502 4713 testi·

241 4758 399 4835 monium,
422 4760 465 4817 ob
490 4758 570 4819 hane
600 4778 728 4821 causam
754 4778 793 4821 ex
824 4778 891 4841 quo
923 4777 988 4820 non
1012 4760 1136 4821 curarit
1158 4777 1264 4841 neque
1295 4758 1384 4819 solus
1416 4758 1501 4817 venit
