3502 5264
614 314 700 372 Anno
723 326 816 392 1494.
839 346 879 355 —
903 326 951 373 21.
968 311 1129 387 februaris.

1180 415 1507 424 ——-—-—————

774 523 916 586 Mathko.

774 631 908 691 lwanus.

773 736 897 800 Gurko.

772 843 912 925 Gregur.

772 951 977 1012 Laurencius.

771 1057 906 1120 Blasius.

773 1163 945 1225 Fabianus.

768 1269 865 1332 livan.

772 1377 884 1440 Lucas.

772 1483 930 1546 Vrbanus.

773 1589 935 1652 Nicolaus.

772 1696 928 1758 Thomas.

771 1803 972 1864 Ambrosius.

771 1909 926 1972 Thomas.

350 2105 454 2167 Causa
481 2106 562 2165 inter
588 2105 728 2166 lwanum
751 2105 929 2166 institorem
948 2119 979 2166 et
1004 2105 1158 2166 Jacobum
1178 2104 1360 2187 Bekethych
1379 2105 1507 2166 racione

244 2226 403 2273 certorum
429 2211 638 2292 negociorum
663 2210 881 2292 pecunialium
906 2211 946 2271 ad
971 2211 1111 2293 primum
1144 2209 1300 2289 judicium
1326 2225 1372 2272 est
1396 2230 1506 2292 proro-

242 2331 352 2398 gatum
373 2317 425 2393 ita,
447 2332 479 2378 ut
497 2319 590 2378 ambe
609 2332 712 2397 partes
729 2331 824 2379 testes
841 2317 1018 2398 producere
1032 2316 1180 2392 habeant,
1194 2331 1223 2376 et
1240 2317 1358 2376 auditis
1375 2317 1507 2378 testibus

244 2423 329 2484 idem
356 2424 494 2484 lacobus
529 2422 714 2505 Bekethych
748 2424 852 2483 statim
887 2422 1021 2502 objectis
1053 2423 1152 2503 ipsius
1184 2422 1280 2483 lwani
1314 2423 1505 2505 respondere

243 2529 384 2590 debebit.

349 2635 453 2696 Causa
479 2635 560 2695 inter
585 2635 774 2718 Synlxouecz
800 2649 829 2695 et
854 2634 1067 2712 Anthonium,
1086 2635 1238 2712 literatos,
1256 2636 1384 2696 racione
1402 2635 1506 2696 cuius-

242 2741 316 2801 dam
342 2741 415 2822 equi
443 2761 497 2822 per
523 2741 627 2822 ipsum
653 2740 852 2802 Anthonium
872 2743 902 2802 in
929 2743 1022 2803 vinea
1039 2762 1095 2802 sua
1121 2742 1329 2802 commissum
1348 2742 1505 2818 interemi,

242 2847 335 2926 jurati
360 2847 634 2923 adjudicaverunt,
659 2848 747 2928 quod
772 2868 807 2906 ex
834 2867 899 2928 quo
925 2848 982 2928 ipsi
1009 2861 1260 2929 composuerunt
1284 2849 1365 2909 inter
1390 2867 1423 2908 se
1447 2867 1505 2928 pro

243 2953 370 3013 duobus
384 2952 452 3014 flor.
470 2972 569 3033 usque
585 2967 733 3014 octavum
753 2953 837 3013 diem
857 2955 921 3034 ipse
937 2953 1080 3037 Synkoni
1099 2953 1226 3014 exolvat
1243 2954 1328 3034 ipsos
1342 2954 1423 3014 duos
1437 2953 1506 3014 lior.

350 3058 455 3119 Causa
482 3059 563 3119 inter
588 3059 794 3119 Valentinum
827 3059 965 3138 juratum
998 3074 1027 3120 et
1059 3060 1200 3120 Marcum
1235 3058 1426 3121 familiarem
1449 3060 1505 3120 do·

244 3165 321 3225 mini
342 3165 468 3245 plebani
489 3165 616 3225 racione
635 3165 868 3225 devastacionis
887 3165 992 3225 senilis
1009 3186 1064 3226 seu
1078 3166 1308 3226 destruccionis
1325 3186 1381 3246 per
1394 3186 1505 3247 equos,

242 3270 334 3350 jurati
362 3271 636 3350 adjudicaverunt,
662 3272 749 3350 quod
776 3273 841 3352 ipse
864 3270 1003 3332 lamulus
1028 3271 1150 3331 domini
1171 3271 1298 3352 plebani
1325 3270 1401 3332 feria
1419 3287 1505 3333 sexta

243 3388 314 3456 post
346 3375 541 3436 dominicam
576 3376 676 3447 Quasi
702 3377 800 3436 modo
832 3375 935 3455 jurare
968 3375 1108 3453 habebit,
1141 3378 1228 3457 quod
1263 3377 1327 3457 ipse
1353 3396 1417 3437 non
1451 3378 1505 3437 de·

242 3481 354 3542 struxit
379 3480 476 3542 fenile
510 3481 608 3562 ipsius
642 3482 821 3558 Valentini;
854 3483 878 3542 si
912 3481 1039 3560 jurabit,
1065 3482 1144 3543 liber
1176 3483 1245 3560 erit,
1270 3483 1294 3542 si
1320 3503 1396 3544 vero
1429 3503 1505 3560 non,

243 3602 357 3647 extunc
382 3586 467 3665 juxta
493 3588 734 3648 estimacionem
760 3588 890 3669 dampni
918 3588 975 3668 ipsi
1001 3587 1181 3650 satisfacere
1206 3589 1345 3652 debebit.

350 3694 455 3755 Causa
482 3695 562 3755 inter
587 3693 781 3774 Gregorium
806 3694 986 3755 carnilicem
1014 3711 1042 3755 et
1064 3696 1146 3755 lwan
1173 3696 1350 3757 institorem
1376 3697 1504 3758 racione

242 3801 409 3861 cuiusdam
435 3801 610 3862 solucionis
635 3802 842 3881 pecuniarum
867 3822 924 3883 pro
950 3802 1068 3882 quibus
1085 3802 1123 3861 de
1141 3802 1312 3861 roboribus
1335 3822 1391 3863 seu
1409 3804 1505 3883 lignis

243 3907 282 3968 ad
309 3927 404 3967 unam
430 3908 562 3967 domum
596 3909 839 3988 pertinentibus,
864 3928 927 3988 que
960 3908 1045 3987 ligna
1078 3922 1166 3967 erant
1201 3908 1401 3986 hlargarethe
1427 3929 1504 3970 con·

242 4013 336 4074 sortis
361 4011 512 4094 Gasparis
535 4014 664 4074 sartoris
688 4028 718 4075 et
744 4015 810 4095 ipse
836 4014 1012 4093 Gregorius
1029 4013 1112 4072 dicta
1138 4013 1253 4071 robora
1279 4032 1336 4093 pro
1361 4015 1502 4094 quodam

242 4119 352 4180 debito
377 4121 416 4178 ab
441 4121 552 4180 eadem
579 4120 701 4196 habuit,
725 4140 787 4201 que
820 4121 935 4180 robora
961 4118 1044 4178 lwan
1079 4116 1203 4177 institor
1227 4136 1285 4197 pro
1310 4119 1424 4179 eodem
1450 4121 1503 4180 de·

243 4226 310 4286 bito
336 4240 497 4307 receperat
522 4227 627 4287 taliter
656 4240 688 4287 ut
721 4227 787 4307 ipse
813 4225 898 4288 lwan
931 4225 1036 4285 eidem
1070 4222 1228 4303 Gregorio
1253 4222 1397 4286 debitum
1433 4246 1502 4308 pre·

242 4327 342 4393 fatum
368 4332 515 4392 exolvere
533 4333 733 4414 promiserat,
747 4333 801 4414 qui
820 4331 987 4408 recusavit,
1011 4328 1103 4408 jurati
1121 4326 1396 4409 adjudicaverunt,
1414 4333 1502 4412 quod

243 4458 280 4500 ex
306 4457 371 4520 quo
396 4439 462 4520 ipse
480 4439 563 4499 lwan
589 4441 735 4521 promisit
752 4440 856 4500 eidem
883 4436 1041 4518 Gregorio
1058 4434 1161 4516 ipsum
1180 4433 1323 4494 debitum
1344 4437 1502 4515 exolvere,

244 4545 376 4620 debeat;
402 4543 486 4605 lwan
512 4564 575 4605 non
602 4559 771 4606 contentus
794 4545 833 4606 de
855 4542 975 4624 judicio
999 4539 1172 4622 appellavit
1196 4537 1235 4597 ad
1260 4540 1412 4603 seniores.

349 4649 454 4712 Causa
488 4651 569 4712 inter
601 4651 744 4712 iwanum
777 4665 808 4711 et
840 4647 1037 4731 Stephanum
1061 4657 1185 4706 sutores
1217 4644 1343 4705 racione
1375 4666 1502 4727 percus·

244 4756 344 4822 aionis
368 4756 535 4819 cuiusdam
567 4757 657 4840 pueri
683 4756 782 4840 ipsius
813 4754 909 4833 lwan,
939 4751 1034 4834 jurati
1064 4748 1339 4832 adjudicaverunt,
1363 4752 1452 4833 quod
1476 4754 1501 4815 si
