3502 5264
256 325 314 399 136
628 329 714 385 Anno
739 341 827 405 1501.
851 364 895 374 -
917 345 969 391 20.
992 331 1151 392 decembris.

295 432 351 438 .-.-
362 432 408 438 .--.
422 432 873 441 —-..-.-.----———--——-

454 561 552 637 Feria
579 566 677 637 sexta
707 572 860 656 proxima
890 570 968 642 ante
996 571 1120 644 lestum
1149 572 1308 646 Barbare.
1385 580 1391 589 “

755 726 797 800 (3.
825 723 1001 803 decembris).

357 860 462 922 Causa
488 861 569 922 inter
589 862 742 923 Mathiam
762 862 954 945 freniparem
973 881 1003 927 et
1021 867 1103 929 inter
1121 867 1241 929 Petricz
1258 867 1404 929 similiter
1422 864 1520 928 ireni-

250 987 360 1049 parem
386 968 509 1029 domini
527 968 620 1050 jurati
645 969 912 1049 adjudicaverunt
932 991 1030 1053 penes
1047 973 1102 1034 illa
1127 993 1213 1035 arma
1238 973 1389 1035 videlicet
1405 991 1520 1035 ensem

250 1087 281 1135 et
304 1074 505 1151 cambucam,
530 1075 618 1155 quod
644 1095 758 1137 manus
782 1077 877 1138 debet
902 1077 1026 1159 prelato
1051 1078 1145 1140 Petro
1170 1079 1327 1162 amputari
1353 1079 1385 1140 in
1408 1079 1520 1160 primo

248 1177 369 1258 judicio
394 1178 512 1244 lutura.

356 1286 460 1348 Causa
486 1288 567 1349 inter
591 1289 780 1370 jobagiones
804 1290 951 1370 civitatis,
975 1292 1072 1354 ambo
1094 1292 1225 1354 nomine
1252 1290 1396 1373 Georgii,
1420 1310 1518 1353 causa

250 1392 418 1474 vituperii,
451 1394 576 1456 domini
609 1396 701 1477 jurati
736 1397 1019 1477 adjudicaverunt,
1053 1399 1141 1481 quod
1172 1399 1242 1462 leso
1275 1399 1379 1460 solvat
1402 1398 1517 1461 decem

250 1519 365 1580 pensas
388 1500 593 1564 denariorum
619 1518 650 1565 et
674 1504 793 1566 civitati
819 1504 968 1566 denarios
991 1521 1132 1569 centurn.

355 1607 460 1669 Causa
487 1609 568 1669 inter
594 1609 729 1670 Lowrek
755 1625 786 1671 et
806 1609 982 1691 Georgium
1009 1612 1063 1692 qui
1083 1612 1189 1672 minus
1212 1612 1293 1693 juste
1318 1625 1518 1693 conquestus

250 1727 296 1773 est
321 1713 455 1775 domino
473 1713 582 1793 iudici,
600 1716 687 1796 quod
713 1716 906 1777 violenciam
932 1715 1056 1778 lecisset
1075 1715 1234 1796 Georgius
1251 1717 1356 1778 eidem
1377 1717 1515 1779 Lowrelt

249 1819 279 1879 in
305 1821 444 1899 quadam
471 1821 625 1901 particula
650 1837 742 1898 terre,
768 1836 798 1883 et
823 1823 864 1882 ita
891 1823 955 1903 ipse
987 1823 1121 1883 Lowrek
1145 1823 1234 1884 solus
1258 1823 1374 1884 mansit
1399 1823 1432 1884 in
1457 1842 1516 1906 po-

247 1926 350 1985 tencia
378 1925 431 1986 illa
457 1941 487 1988 et
511 1928 676 1988 convictus
701 1944 756 1990 est.

354 2028 458 2095 Causa
484 2034 566 2093 inter
584 2033 723 2115 prelatos
743 2033 912 2116 Georgios,
937 2036 992 2116 qui
1012 2054 1094 2095 unus
1118 2035 1218 2095 exeis
1242 2050 1357 2096 terram
1383 2035 1517 2098 alterius

248 2138 395 2218 potencia
422 2139 584 2200 mediante
620 2141 793 2217 subaravit,
820 2162 856 2201 ex
886 2162 946 2202 una
971 2155 1058 2223 parte
1083 2141 1232 2222 potencia
1257 2141 1420 2202 mediante
1446 2143 1516 2204 vio·

249 2245 326 2304 lavit
351 2258 479 2321 terram,
504 2266 540 2305 ex
566 2246 626 2307 alia
654 2266 730 2307 vero
755 2248 916 2309 remittere
941 2248 1066 2309 debeat.

320 2461 415 2533 Feria
445 2465 590 2534 secunda
619 2463 774 2536 videlicet
802 2464 833 2535 in
867 2467 985 2553 vigilia
1014 2467 1103 2536 beati
1133 2466 1257 2537 Thome
1286 2467 1441 2554 apostoli.

736 2621 804 2696 (20.
828 2619 1005 2693 decerrrbrt's).

353 2739 491 2800 Causam
518 2740 600 2800 inter
625 2740 816 2802 Michaelem
843 2755 873 2802 et
886 2740 1056 2801 Nicolaum
1074 2739 1288 2818 Soldinarich,
1312 2740 1438 2802 domini
1464 2741 1512 2820 ju·

246 2847 304 2907 rati
328 2845 553 2924 adjudicarunt
579 2847 659 2907 inter
691 2845 829 2928 prelatos
862 2846 1053 2907 Michaelem
1079 2861 1109 2907 et
1143 2845 1324 2923 Nicolaum,
1354 2847 1429 2927 quia
1454 2848 1513 2909 Ni·

246 2952 356 3012 colaus
382 2952 509 3031 negavit
527 2953 614 3033 quod
641 2972 704 3012 non
724 2953 921 3012 vulnerasset
939 2950 1095 3032 prelatum
1126 2950 1317 3011 Michaelem
1342 2952 1400 3012 sub
1426 2966 1511 3015 tecto

245 3078 300 3118 seu
327 3058 357 3117 iu
384 3072 473 3138 porta
501 3059 600 3138 ipsius
626 3058 792 3118 Michaelis
815 3058 869 3117 sed
896 3071 968 3117 ante
985 3071 1109 3138 portam
1135 3074 1237 3132 suam,
1261 3057 1316 3117 sed
1342 3058 1418 3137 quia
1443 3078 1510 3120 non

246 3161 304 3223 luit
335 3163 395 3222 sibi
428 3164 623 3224 credendum
657 3183 693 3223 ex
727 3183 792 3243 quo
825 3183 888 3223 non
922 3161 1033 3223 habuit
1063 3160 1282 3222 testimonium
1313 3174 1343 3222 et
1367 3163 1443 3242 quia
1469 3162 1510 3225 de

245 3287 339 3328 mane
365 3268 517 3330 dominus
542 3269 635 3343 iudex
669 3289 740 3329 cunt
775 3268 884 3346 juratis
915 3267 1053 3348 quesivit
1077 3266 1204 3346 signum
1236 3285 1291 3326 seu
1316 3265 1507 3329 effusionem

244 3375 409 3453 sanguinis
435 3390 464 3435 et
491 3395 554 3435 non
588 3377 778 3435 invenerunt
802 3375 897 3434 aliam
926 3373 1091 3452 sanguinis
1119 3370 1309 3432 effusionem
1336 3373 1395 3432 nisi
1425 3374 1509 3436 inter

244 3495 367 3560 portam
395 3480 492 3560 ipsius
518 3479 683 3541 Michaelis
712 3479 863 3540 aurifabri
897 3480 950 3539 ubi
976 3478 1122 3559 potencia
1156 3477 1316 3537 mediante
1342 3481 1507 3558 prenomi-

244 3600 335 3645 natus
360 3586 513 3646 Nicolaus
538 3585 750 3669 Soldinarych
776 3587 895 3666 recepit
914 3603 1044 3645 uxorem
1070 3581 1203 3664 predicti
1230 3581 1397 3643 Michaelis
1420 3586 1507 3646 auri·

242 3687 323 3752 fabri
350 3707 379 3752 et
404 3693 535 3752 abduxit
562 3707 591 3754 et
616 3692 783 3752 abscondit
809 3692 862 3751 ubi
893 3692 959 3771 ipse
977 3689 1090 3764 voluit,
1114 3702 1145 3748 et
1168 3687 1209 3748 ita
1234 3686 1297 3764 jam
1322 3688 1426 3749 dictus
1444 3691 1505 3751 Mi·

241 3797 331 3859 chael
357 3796 518 3859 aurifaber
541 3799 769 3859 secundusmet
799 3797 902 3875 jurare
928 3795 1041 3855 debeat
1073 3792 1160 3873 quod
1187 3811 1249 3851 non
1277 3806 1358 3854 esset
1382 3794 1414 3854 in
1439 3795 1505 3858 alio

242 3904 314 3963 loco
339 3905 524 3965 vulneratus
541 3904 600 3964 nisi
627 3905 658 3964 in
676 3919 766 3985 porta
786 3903 885 3983 ipsius
908 3900 1034 3973 domus,
1052 3910 1082 3957 et
1099 3908 1268 3977 postquam
1286 3896 1504 3975 juramentum

241 4009 424 4089 deposuerit
451 4030 538 4070 more
562 4011 698 4070 civitatis
723 4010 828 4090 primo
853 4008 905 4067 die
930 4003 1037 4084 judicii
1056 4016 1128 4083 post
1151 4001 1356 4063 Nativitatem
1382 4003 1503 4067 Christi

241 4114 303 4189 jam
329 4115 474 4194 proxime
500 4113 608 4193 futuri,
642 4129 716 4175 tunc
749 4112 942 4195 prescriptus
966 4104 1118 4168 Nicolaus
1150 4104 1302 4164 decollari
1328 4105 1444 4170 debeat
1469 4111 1501 4172 in

239 4218 312 4278 loco
336 4235 500 4281 consvctO.
