3502 5264
239 573 1505 669 hmmwmmmmmmmmmmfflmm

641 735 703 812 (13.
720 735 871 810 januarii,
895 753 965 794 ann.
991 734 1093 811 1503).

346 875 493 937 Matlreus
507 873 687 957 Gozpodne
701 888 789 936 sutor
806 888 916 936 contra
929 873 1137 935 Valentinum
1152 873 1379 936 Kontheschak
1395 873 1506 956 primo

240 982 353 1044 citatus
375 1001 439 1043 non
464 982 655 1065 comparuit.

266 1217 1479 1308 &mmmmmmammmmfflfflmmmwumm

793 1343 947 1431 virginis.

743 1515 806 1592 (31.
824 1515 992 1593 januarii).

348 1673 488 1747 Quidam
508 1674 661 1735 Clemens
678 1674 916 1735 molendinator
933 1675 1020 1755 prius
1037 1673 1097 1735 fuit
1114 1674 1261 1735 detentus
1280 1692 1337 1754 pro
1360 1672 1505 1754 quodam

242 1779 415 1858 furticinio,
432 1796 538 1842 tamen
556 1782 661 1861 gracia
679 1782 756 1841 moti
783 1781 813 1841 id
834 1783 1032 1853 relaxarunt;
1058 1781 1187 1842 tandem
1205 1780 1305 1840 eciam
1325 1779 1410 1840 idem
1429 1778 1505 1840 Cie-

242 1906 331 1947 mens
356 1886 414 1947 suit
439 1888 586 1949 detentus
611 1888 711 1948 eciam
738 1907 795 1968 pro
821 1889 962 1968 quoiam
994 1888 1125 1962 scelere,
1150 1888 1200 1948 cui
1226 1887 1326 1947 eciam
1352 1885 1507 1946 dominus

241 1992 335 2071 judex
360 2013 432 2054 cum
458 1994 528 2054 aliis
552 1994 675 2054 civibus
699 1995 805 2072 gracia
830 1994 907 2054 moti
942 1994 1194 2054 misericordiam
1220 1993 1325 2052 eidem
1349 1995 1506 2068 fecerunt,

242 2099 296 2179 qui
322 2119 386 2159 non
413 2101 562 2161 inmerito
580 2115 665 2160 tanta
691 2100 807 2180 pietate
829 2099 985 2180 obligarit
1008 2120 1041 2160 se
1060 2119 1160 2160 unum
1177 2117 1296 2159 annum
1323 2117 1391 2158 esse
1407 2095 1505 2157 servi·

241 2218 344 2265 torem
368 2205 504 2265 civitatis
529 2206 581 2282 ita,
607 2206 742 2287 quodsi
770 2206 808 2267 de
834 2222 940 2267 cetero
973 2205 1082 2267 fecerit
1106 2205 1157 2266 vel
1189 2221 1295 2266 autem
1321 2204 1433 2263 saltem
1459 2199 1505 2263 fe·

242 2309 481 2386 cerit,eundem
506 2312 702 2392 ubicumque
728 2311 1000 2392 comprehendere
1018 2326 1179 2393 poterunt,
1204 2313 1324 2391 absque
1349 2308 1438 2369 omni
1457 2306 1506 2385 ju·

241 2416 327 2476 dicio
344 2418 482 2477 eundem
501 2418 606 2498 puniri
625 2418 807 2491 debebunt;
825 2419 934 2500 elapso
952 2433 1058 2479 autem
1076 2437 1161 2479 anno
1178 2417 1349 2498 assumpsit
1365 2416 1505 2478 Romam

243 2523 370 2600 intrare,
404 2523 454 2584 cui
490 2522 672 2585 facultatem
698 2525 808 2606 elapso
841 2545 926 2585 anno
962 2526 1130 2588 dederunt.
1168 2525 1371 2586 Presentibus
1403 2523 1508 2585 Paulo

243 2629 398 2690 Horwath
424 2630 535 2690 curiali
560 2631 646 2691 curie
671 2631 845 2711 episcopali
863 2632 1062 2711 zagrabienai
1085 2645 1115 2693 et
1138 2632 1210 2693 aliia
1226 2631 1351 2691 civibus
1375 2628 1415 2691 de
1432 2629 1507 2691 vico

243 2736 384 2796 Abbacie
403 2756 438 2796 ac
463 2736 522 2796 vici
544 2737 732 2798 Latinorum
749 2757 785 2798 ac
807 2738 907 2798 eciam
926 2739 1018 2799 certis
1035 2739 1128 2799 bonis
1145 2738 1220 2799 viris
1237 2738 1276 2798 de
1294 2735 1506 2821 Chwcherya.
