3502 5264
661 310 747 366 Anno
770 320 858 383 1522.
883 342 923 353 -
943 324 977 386 3.
994 311 1086 385 junii.

1230 417 1505 424 --.-..-.—-—-

666 519 775 579 Petrus
798 538 896 600 gener
922 520 1090 602 chhyak.

663 624 838 705 Gregorius
862 625 1063 710 Kranchych.

667 731 863 792 Laurencius
888 746 986 794 sutor.

664 837 777 899 Petrus
800 835 898 900 faber.

663 941 852 1004 Valentinus
875 944 1027 1024 agricola.

665 1046 846 1130 Stephanus
869 1063 967 1113 sutor.

663 1153 874 1218 Colomanus.

666 1260 825 1340 Georgius
849 1259 947 1323 faber.

663 1367 822 1448 Georgius
845 1387 944 1447 gener
969 1371 1152 1451 Augustini.

664 1472 817 1534 Nicolaus
840 1489 939 1539 sutor.

663 1579 816 1641 Nicolaus
841 1580 1012 1663 Thyslyar.

653 1684 808 1746 ‘Andreas
831 1701 931 1748 sutor.

664 1789 801 1852 Mathias
825 1791 1004 1856 Thurchin.

662 1897 852 1959 Ambrosius
876 1898 1027 1979 agricola.

516 2151 612 2225 Feria
640 2167 739 2225 sexta
768 2162 846 2224 aute
874 2146 1073 2225 dominicam
1100 2154 1228 2226 Letare.

767 2302 836 2384 (28.
856 2304 981 2386 martit).

348 2446 443 2509 Clara
467 2446 545 2508 alias
569 2465 644 2507 coca
668 2445 790 2508 domini
818 2446 948 2528 plebani
973 2445 1013 2507 sd
1046 2447 1234 2509 instanciam
1260 2447 1425 2510 Dorothee
1451 2469 1500 2511 re-

242 2554 314 2614 licte
338 2552 474 2614 condam
501 2552 620 2614 Mathis
646 2553 776 2614 Mosnar
799 2552 904 2633 primo
929 2552 1022 2614 citata
1048 2572 1113 2614 non
1138 2554 1327 2636 comparuit.

348 2658 472 2720 Eodem
496 2658 548 2720 die
565 2658 666 2719 Elena
684 2677 764 2720 uxor
780 2657 943 2719 Valentini
960 2658 1088 2719 sartoris
1105 2657 1145 2719 ad
1163 2658 1351 2721 instanciam
1370 2657 1503 2741 Georgii

241 2765 351 2846 generi
377 2765 515 2826 Barbare
539 2765 644 2846 primo
668 2765 761 2826 citata
787 2784 852 2825 non
877 2764 1065 2846 comparuit.

498 2982 593 3055 Ferio
621 2992 716 3056 sexta
747 2992 824 3056 aute
853 2985 974 3056 festum
1004 2983 1129 3056 Vrbaui
1157 3005 1251 3074 pape.

782 3133 847 3214 (23.
871 3136 969 3214 mart).

349 3278 506 3339 Martinus
530 3291 617 3338 sutor
639 3297 738 3358 gener
770 3277 907 3339 condam
940 3276 1046 3338 Tesak
1072 3276 1185 3337 citatus
1217 3278 1359 3338 secundo
1383 3276 1422 3337 ad
1458 3277 1504 3338 in·

249 3384 400 3444 stanciam
426 3382 558 3462 Georgii
584 3382 639 3443 filii
671 3383 814 3444 eiusdem
847 3382 953 3443 Tesak
986 3402 1050 3443 non
1077 3382 1267 3463 comparuit,
1300 3382 1339 3442 ad
1365 3382 1504 3464 primum

247 3489 400 3567 judicium
426 3489 589 3550 debebunt
618 3489 794 3571 producere
819 3502 924 3550 testes.

352 3612 476 3673 Eodem
502 3613 551 3672 die
577 3632 670 3674 causa
695 3613 776 3672 inter
802 3611 1000 3692 Stephanum
1025 3610 1222 3672 aurifabrum
1247 3625 1277 3672 et
1302 3611 1502 3671 ieronimum

246 3734 483 3800 procuratorem
510 3733 595 3779 mota
621 3733 667 3780 cst
699 3718 799 3779 acad
832 3718 971 3799 primum
1004 3717 1159 3797 judicium
1185 3717 1225 3778 ad
1258 3716 1502 3799 producendum

244 3840 338 3886 testes
362 3825 469 3887 dilata.

443 4041 539 4115 Feria
568 4036 675 4114 tercia
704 4051 779 4132 post
808 4044 930 4114 festum
960 4042 1126 4114 Nicodeui
1154 4043 1318 4114 martiris.

793 4208 833 4272 (3-
851 4197 957 4272 junii).

354 4336 457 4396 Causa
484 4337 564 4397 inter
589 4337 788 4397 ieronimum
821 4336 985 4396 doctorem
1011 4355 1046 4396 ac
1080 4335 1257 4417 Gasparum
1286 4336 1424 4396 Pastoris
1458 4357 1503 4397 ra-

249 4443 342 4504 cione
367 4442 531 4503 cuiusdam
558 4443 770 4523 obligacionis
794 4461 890 4523 quam
917 4440 1031 4502 fecerat
1056 4442 1140 4502 idem
1167 4441 1289 4522 Gsspar
1314 4462 1410 4502 manu
1432 4463 1504 4523 pro·

249 4548 317 4630 pria
343 4563 494 4609 annotato
520 4549 641 4610 doctori
667 4569 725 4631 pro
758 4563 884 4609 centum
911 4560 941 4607 et
968 4547 1080 4626 viginti
1115 4546 1194 4623 flor„
1219 4567 1300 4628 quos
1332 4548 1408 4609 olim
1437 4550 1503 4631 ipse

248 4655 360 4715 doctor
386 4655 510 4715 Aluisio
528 4654 566 4714 de
586 4655 733 4716 Kathano
758 4668 937 4729 mutuorot;
957 4652 1074 4714 auditis
1099 4653 1206 4734 itaque
1224 4654 1389 4734 utriusque
1408 4656 1504 4735 partis

247 4760 527 4843 proposicionibus
551 4775 582 4824 et
602 4762 771 4844 responsis,
790 4760 945 4844 products
969 4760 1069 4821 eciam
1088 4759 1171 4822 dicta
1189 4737 1392 4841 obligacioue
1409 4780 1502 4844 spon·
