3502 5264
571 350 656 407 Anno
680 359 767 423 1507.
792 381 835 392 —
858 362 908 408 12.
932 348 1098 410 novembris.
1417 370 1473 432 173

211 560 377 621 convictus
400 575 456 637 est,
482 560 513 621 in
538 578 728 620 communes
760 577 835 619 vero
869 578 1022 640 expensas
1046 573 1174 621 centum
1207 560 1374 635 denarios;
1405 581 1474 644 pre·

214 664 296 727 latus
319 685 394 726 vero
419 665 546 726 Vlricus
568 685 632 726 non
651 678 821 726 contentus
841 665 896 724 scd
914 665 1088 746 appellavit
1112 666 1152 726 ad
1176 668 1319 728 seniores
1342 667 1474 749 judices.

210 807 251 817 -
277 771 428 833 Seniores
451 770 573 852 judices
597 769 751 852 prefatam
777 790 904 831 causam
930 770 1210 835 confirmaverunt.

315 877 440 939 Eodem
466 877 518 939 die
543 897 637 939 causa
656 877 737 938 inter
758 876 937 937 Fabianum
957 877 1191 961 Dwymowych
1209 891 1240 941 et
1264 878 1473 940 Valentinum

209 983 390 1046 carnificem
416 985 544 1046 racione
570 984 736 1046 cuiusdam
761 983 835 1064 equi
868 982 974 1063 furati,
998 983 1090 1063 jurati
1124 984 1359 1064 adjudicarunt,
1384 985 1473 1068 quod

209 1088 351 1173 prelatus
375 1090 537 1151 Fabianus
561 1090 601 1150 ad
626 1089 940 1170 decimumquintum
959 1089 1045 1151 diem
1070 1091 1101 1151 in
1120 1091 1209 1152 altari
1235 1107 1343 1153 sancte
1361 1091 1474 1153 Crucis

210 1197 315 1278 jurare
340 1196 470 1258 debebit
495 1197 526 1257 in
551 1216 601 1274 eo,
618 1196 706 1276 quod
729 1193 870 1276 prelatus
888 1195 1049 1256 Fabianus
1074 1196 1192 1258 inscius
1217 1212 1263 1258 est
1279 1198 1319 1258 de
1343 1217 1475 1279 compo-

210 1303 331 1369 sicione
356 1303 495 1385 quadam
521 1322 579 1383 pro
607 1321 692 1384 equo
723 1301 885 1362 Valentini
919 1300 1079 1363 carnificis
1102 1322 1174 1364 cum
1208 1301 1276 1364 lure
1301 1300 1394 1381 lacta,
1418 1303 1472 1364 ubi

210 1409 314 1471 dictus
337 1409 528 1470 Valentinus
551 1409 711 1468 asserebat
735 1426 802 1468 esse
834 1407 1000 1467 conscium
1026 1406 1066 1467 de
1098 1406 1283 1469 huiusmodi
1309 1407 1471 1488 composi-

209 1515 301 1576 cione
326 1529 357 1576 et
380 1514 469 1594 quod
494 1513 598 1573 dictus
629 1512 819 1574 Valentinus
852 1511 982 1573 dixisset
1010 1512 1069 1573 sibi
1103 1512 1287 1574 huiusmodi
1314 1512 1469 1593 composi·

207 1623 346 1700 cionem,
370 1619 459 1703 quod
484 1620 509 1681 si
535 1620 638 1681 dictus
663 1619 825 1680 fabianus
857 1618 1010 1699 juraverit
1042 1632 1157 1680 extunc
1181 1619 1372 1680 Valentinus
1396 1637 1472 1679 con·

206 1727 308 1789 victus
332 1742 378 1788 est
403 1728 435 1787 in
460 1727 545 1787 dicto
571 1745 673 1808 equo;
706 1725 760 1786 ubi
795 1725 898 1786 dictus
926 1724 1116 1786 Valentinus
1141 1745 1205 1787 non
1238 1737 1408 1786 contentus
1429 1725 1471 1786 ‘de

207 1833 327 1914 judicio
352 1833 408 1894 sed
432 1833 606 1916 appellavit
630 1832 670 1893 ad
695 1832 847 1894 seniores.

329 2051 423 2124 Feria
453 2061 555 2123 sexta
582 2049 734 2141 proxima
764 2063 841 2139 post
869 2052 992 2122 festum
1022 2050 1160 2120 Martini
1190 2052 1346 2140 episcopi.

703 2206 764 2276 (12.
788 2204 970 2277 novembris).

311 2343 473 2405 lohannes
490 2343 633 2425 Posegay
659 2358 769 2404 contra
787 2342 949 2404 Andream
972 2341 1207 2424 carpentarium
1225 2341 1330 2423 primo
1355 2342 1468 2404 citatus

205 2468 269 2511 non
295 2450 487 2532 comparuit.

310 2555 448 2616 Michael
473 2574 583 2636 sporar
607 2567 715 2616 contra
742 2553 920 2635 Georgium
959 2553 1194 2634 carpentarium
1227 2552 1332 2634 primo
1355 2553 1470 2615 citatus

203 2681 267 2724 non
293 2661 485 2743 comparuit.

308 2766 471 2828 lohannes
497 2768 639 2850 Posegay
664 2782 774 2827 contra
803 2764 964 2826 Andream
999 2763 1234 2845 carpentarium
1259 2764 1402 2824 secundo
1426 2763 1468 2824 ci-

202 2888 286 2936 tatus
309 2893 374 2934 non
400 2875 590 2955 comparuit.

310 2979 411 3040 Lucas
435 2993 523 3040 sutor
548 2995 657 3040 contra
684 2979 811 3039 Petrum
829 2994 983 3057 generum
1008 2976 1115 3036 Benalr
1142 2975 1246 3056 primo
1271 2987 1302 3036 et
1325 2974 1467 3036 secundo

202 3085 316 3147 citatus
340 3104 404 3146 non
432 3085 620 3165 comparuit.

308 3191 412 3252 Causa
446 3191 527 3251 inter
559 3190 709 3272 Magdam
744 3189 938 3249 servitricem
970 3186 1102 3266 Georgii
1136 3186 1325 3267 carpentarii
1351 3200 1382 3247 et
1407 3186 1467 3248 Mi·

202 3296 345 3359 chaelem
370 3318 481 3378 sporar
505 3299 634 3359 racione
659 3311 689 3357 et
715 3310 859 3377 pretextu
894 3292 1119 3375 percussionis,
1145 3290 1238 3371 jurati
1264 3292 1467 3371 adjudicave-

202 3417 285 3466 runt.
310 3406 425 3479 (deest).
