3502 5264
752 339 840 398 Anno
862 350 952 415 1520.
1420 359 1455 402 21
1469 362 1477 401 1

328 553 405 614 Item
438 572 533 613 causa
566 551 648 612 inter
680 550 808 612 Petrum
841 551 950 612 Rosko
986 566 1016 613 et
1050 551 1227 633 Georgium
1262 552 1399 634 Maxyan
1424 569 1483 632 pro

222 671 309 741 parte
333 656 540 721 arestaeionis
565 657 596 717 in
622 654 706 718 facto
730 655 896 717 cuiusdam
926 657 1019 718 vinee
1042 678 1099 740 per
1122 658 1265 720 seniores
1289 657 1404 719 eodem
1430 656 1483 718 die

220 764 265 825 sic
289 778 335 826 est
360 764 552 845 adjudicata,
578 777 612 825 ut
636 763 711 843 quia
737 761 803 844 ipse
827 762 939 824 Petrus
969 765 1078 826 Rosko
1101 764 1244 846 plenarie
1268 778 1299 826 et
1323 764 1361 824 ad
1387 763 1483 825 finem

223 890 323 952 usque
347 872 449 953 ipsam
474 888 602 932 causam
627 867 759 929 insede
784 881 890 929 nostra
921 869 974 930 ubi
1008 870 1171 952 inceperat
1195 889 1357 931 assumere
1382 884 1412 931 et
1436 869 1483 949 ju-

220 976 318 1038 ridice
342 996 406 1038 non
441 974 501 1038 fuit
532 987 729 1058 prosecutus,
760 972 816 1035 sed
847 975 1007 1056 pendente
1040 976 1107 1058 ipsa
1141 995 1234 1037 causa
1267 975 1423 1057 plurimos
1446 995 1483 1037 ex

221 1084 336 1144 nostris
367 1083 555 1145 concivibus
578 1081 739 1159 vastavit,
773 1080 892 1142 idcirco
924 1083 1065 1164 quitquit
1097 1084 1156 1165 ipsi
1196 1084 1343 1144 concives
1374 1083 1483 1158 nostri,

220 1207 303 1269 quos
327 1189 394 1270 ipse
421 1189 533 1250 Petrus
556 1187 716 1264 arestavit,
740 1200 815 1248 sunt
846 1187 978 1269 dampni
1013 1189 1043 1250 in
1071 1190 1138 1271 ipsa
1170 1189 1366 1250 arestacione
1390 1189 1484 1270 passi,

221 1310 335 1356 extunc
360 1295 427 1376 ipse
447 1295 558 1356 Petrus
576 1294 686 1355 Rosko
705 1292 781 1374 ipsis
797 1293 913 1354 nostris
930 1296 1118 1356 concivibus
1135 1294 1303 1356 refundere
1327 1308 1484 1373 teneatur,

220 1413 250 1460 et
274 1418 370 1481 super
393 1400 535 1480 quitquit
560 1399 626 1480 ipse
651 1398 763 1459 Petrus
788 1397 898 1459 Rosko
916 1398 1019 1477 jurare
1045 1401 1077 1461 in
1102 1401 1249 1482 expensis
1273 1401 1373 1482 ipsius
1390 1401 1482 1460 vinee

220 1525 237 1564 a
263 1505 424 1588 Maxyano
441 1518 579 1566 arestate
604 1503 760 1580 debuerit,
778 1516 893 1564 extunc
911 1504 978 1588 ipse
997 1507 1133 1590 Maxyan
1159 1507 1217 1587 ipsi
1238 1506 1331 1567 Petro
1348 1506 1483 1566 omnino

220 1608 390 1671 refundere
415 1611 530 1672 debeat
557 1626 588 1672 et
612 1610 741 1671 vineam
758 1608 860 1689 ipsam
878 1628 937 1691 pro
953 1631 986 1672 se
1010 1612 1154 1672 retineat.
1179 1646 1222 1656 —
1248 1611 1323 1672 Dies
1347 1611 1419 1671 data
1438 1625 1484 1672 est

220 1716 259 1776 ad
296 1715 511 1794 juramentum
537 1717 597 1799 ipsi
634 1715 730 1777 Petro
763 1711 841 1775 feria
872 1729 959 1778 sexta
992 1717 1137 1800 proxima
1174 1731 1244 1796 post
1280 1715 1395 1778 festum
1421 1715 1483 1779 Ca·

220 1822 332 1884 thedre
358 1822 454 1885 Petri.
