3502 5264
245 325 287 409 78
659 328 924 405 Ann01492.—
947 324 997 388 16.
1021 330 1129 391 martii.

713 537 824 599 Gurlro
850 538 1022 601 Koskoich.

713 644 815 705 Lucas
839 658 938 706 sutor.

711 749 843 811 Mathko
869 750 1095 831 Pongrachicz.

710 856 818 918 Bartol
842 871 941 921 sutor.

711 960 871 1044 Georgius
894 962 991 1028 faber.

712 1068 836 1129 lwanus
859 1082 957 1132 sutor.

709 1175 875 1237 Emericus
898 1175 1038 1239 Kozech.

709 1280 827 1342 Paulus
852 1281 991 1345 Thislar.

712 1386 824 1449 Gurko
847 1388 986 1471 sellipar.

708 1493 844 1555 Mathias
874 1492 1024 1578 irenipar.

708 1598 833 1682 Gregur
857 1601 1008 1681 agricola.

712 1705 863 1768 Nicolaus
887 1707 1023 1771 institor.

713 1810 838 1892 Gregur
862 1812 1003 1894 Zedyna.

711 1919 907 1980 Laurentius
931 1919 1104 2004 Kathrych.

711 2022 823 2086 Gurko
849 2023 1000 2089 carnifex.

712 2130 824 2191 Petrus
848 2131 975 2212 Sporar.

354 2275 429 2335 ltem
456 2293 550 2335 causa
575 2272 655 2333 inter
687 2272 911 2333 honorabilem
943 2272 1111 2334 dominum
1142 2273 1296 2335 Mathiam
1329 2276 1509 2357 prebenda-

250 2383 331 2443 rium
358 2380 597 2462 zagrabiensem
623 2393 653 2439 et
677 2378 818 2440 Blasium
844 2379 979 2440 Nesthin
1008 2379 1128 2440 dictum
1154 2381 1280 2441 racione
1307 2395 1338 2442 et
1361 2397 1509 2464 pretextu

244 2489 478 2571 quinquaginta
503 2485 694 2547 cubulorum
721 2485 786 2545 vini
818 2485 903 2562 novi,
937 2486 968 2545 in
992 2499 1111 2547 sortem
1139 2486 1230 2547 cuius
1263 2487 1330 2548 vini
1356 2489 1422 2568 ipse
1448 2489 1505 2552 do·

244 2595 351 2655 minus
376 2593 511 2653 Mathias
534 2591 640 2653 eidem
666 2591 773 2652 Blasio
797 2589 929 2651 dederat
957 2591 1067 2652 decem
1093 2590 1174 2670 flor„
1195 2605 1230 2653 ut
1255 2595 1416 2656 asserebat
1441 2595 1508 2676 ipse

244 2699 369 2760 blasius
393 2699 454 2759 sibi
478 2697 709 2780 promissorum
728 2697 803 2756 dare
821 2716 876 2777 per
900 2697 1003 2778 ipsum
1023 2696 1191 2758 dominum
1211 2698 1364 2759 Mathiam
1391 2701 1421 2760 in
1440 2714 1507 2762 toto

244 2806 312 2868 flor.
339 2804 536 2887 quindecim,
564 2803 630 2885 ipse
657 2822 732 2864 vero
765 2803 917 2863 dominus
942 2802 1080 2863 Mathias
1110 2823 1148 2864 ex
1172 2803 1307 2866 adverso
1331 2806 1507 2889 respondit,

244 2912 331 2992 quod
357 2930 421 2972 non
447 2909 594 2991 promisit
618 2909 690 2990 plus
714 2907 788 2969 dare
807 2928 905 2988 quam
923 2908 1009 2990 ipsos
1026 2908 1137 2970 decem
1163 2909 1233 2972 flor.
1259 2925 1289 2972 et
1314 2913 1402 2993 quod
1419 2914 1506 2975 testi·

245 3017 390 3078 monium
417 3017 509 3077 ambe
535 3029 638 3097 partes
663 3014 882 3095 produxerunt
906 3029 936 3074 et
960 3013 1045 3094 juxta
1064 3034 1175 3076 eorum
1201 3019 1440 3080 artestacionem
1459 3020 1506 3101 ju·

245 3124 302 3184 rari
328 3121 602 3200 adjudicaverunt,
628 3119 715 3200 quod
740 3120 806 3201 ipse
832 3119 956 3181 Blasius
984 3119 1099 3181 debeat
1131 3121 1190 3202 ipsi
1216 3121 1350 3184 domino
1376 3124 1505 3186 Matheo

245 3226 442 3308 integraliter
467 3226 541 3287 dare
567 3226 653 3306 ipsos
678 3225 911 3306 quinquaginta
930 3225 1066 3286 cubulos
1090 3226 1155 3286 vini
1181 3242 1276 3308 prout
1300 3229 1360 3289 sibi
1386 3231 1505 3310 promi·

244 3351 336 3411 serat,
368 3333 446 3393 etsi
479 3331 676 3412 superfluum
711 3331 776 3411 ipse
809 3331 933 3391 Blasius
964 3331 1059 3390 habet
1083 3329 1121 3390 de
1154 3333 1299 3412 pecuniis
1331 3349 1426 3414 prout
1451 3354 1506 3416 per

243 3440 506 3501 communitatem
526 3438 636 3497 vinum
661 3437 842 3498 estimatum
866 3450 896 3496 et
914 3450 1053 3497 taxatum
1079 3451 1135 3513 est,
1152 3437 1211 3498 erit
1228 3438 1288 3498 sibi
1314 3458 1386 3500 cum
1412 3440 1505 3502 effec-

242 3546 335 3606 cione
360 3544 520 3623 obligatus
538 3543 721 3616 restituere;
746 3539 887 3622 prefatus
903 3559 979 3601 vero
1005 3541 1128 3602 Blasius
1146 3561 1209 3602 non
1235 3558 1403 3606 contentus
1431 3567 1501 3607 cau·

242 3670 309 3712 sam
334 3649 509 3732 appellavit
533 3648 573 3709 ad
598 3647 749 3708 seniores.

427 3851 523 3922 Feria
552 3860 650 3921 serta
680 3851 835 3938 proxima
864 3856 943 3920 ante
971 3848 1093 3919 festum
1122 3848 1302 3922 Benedicti.

770 3997 836 4078 (16.
860 4000 989 4077 morlai).

347 4144 457 4205 Petrus
482 4141 566 4203 lilius
590 4141 719 4202 Thome
753 4140 856 4219 Burga
889 4139 964 4199 dicti
994 4138 1033 4198 de
1065 4140 1124 4199 sub
1149 4137 1262 4221 Okych
1288 4158 1432 4223 repertus
1456 4162 1504 4210 est

242 4252 273 4312 in
307 4249 481 4326 surricinio,
514 4248 629 4330 primo,
662 4247 693 4307 in
727 4245 843 4306 balneo
875 4240 996 4305 furatus
1028 4257 1073 4304 est
1105 4263 1204 4304 unum
1238 4245 1403 4326 cingulum
1429 4270 1502 4314 cum

242 4358 335 4419 bursa
361 4370 392 4417 et
416 4373 517 4416 unum
543 4353 679 4415 biretum
705 4350 745 4413 de
770 4349 973 4426 mardurinis,
998 4349 1029 4408 in
1053 4350 1147 4410 bursa
1172 4368 1271 4411 unum
1297 4351 1366 4415 flor.
1392 4371 1423 4417 et
1447 4360 1502 4419 de.

241 4464 348 4525 narios
372 4461 496 4541 viginti.
522 4459 597 4520 ltem
624 4458 655 4519 in
681 4457 798 4519 balneo
827 4454 972 4515 similiter
1005 4453 1216 4514 barbitonsori
1242 4474 1341 4517 unum
1367 4461 1502 4523 anulum

240 4582 437 4650 argenteum.
461 4565 539 4627 ltem
572 4582 672 4626 unum
703 4561 847 4644 gladium
881 4560 975 4621 unius
1002 4557 1185 4620 sacerdotia.
1219 4558 1296 4620 ltem
1321 4576 1386 4623 tres
1409 4581 1499 4629 cutes

242 4673 378 4738 bovinas
403 4672 435 4734 io
460 4671 531 4733 vico
556 4684 702 4732 sutorum
726 4685 784 4750 pro
816 4683 882 4748 quo
905 4664 1052 4726 detentus
1075 4676 1107 4725 et
1135 4665 1349 4728 sentenciatus
1372 4683 1500 4734 etcum

240 4780 339 4864 virgis
362 4777 516 4863 expulsus
537 4790 568 4840 et
591 4774 623 4838 io
641 4771 802 4839 territorio
826 4768 962 4835 civitatis
985 4785 1138 4851 umquam
1162 4786 1195 4829 se
1212 4768 1349 4834 inveniri
1372 4770 1500 4842 debeat.
