3502 5264
620 340 706 396 Anno
730 349 817 415 1527.
843 373 883 381 -
907 352 935 397 1.
960 338 1126 414 februarii.
1446 357 1503 417 241

708 550 854 612 Thomas
884 550 1041 632 Boanyak.

711 656 888 738 Gregorius
911 676 1033 739 sporar.

709 762 870 845 Georgius
894 783 1021 845 parvus.

710 869 847 933 Mathias
871 889 991 953 sporar.

708 975 868 1057 Georgius
898 974 1090 1057 Golwbych.

708 1083 819 1145 Simon
845 1083 885 1144 de
909 1083 980 1143 vico
1004 1097 1159 1143 autorum.

708 1189 808 1271 Kyrin
834 1187 919 1250 filius
943 1188 1077 1250 Francz.

704 1295 849 1375 Angelus
873 1294 979 1356 italus.

709 1400 954 1462 Bartholomeus
979 1401 1018 1463 de
1044 1402 1124 1464 vico.

707 1507 861 1569 Nicolaus
888 1526 994 1570 cocus.

709 1612 799 1675 Hans
823 1632 940 1674 mezsr.

709 1719 876 1781 Emericus
901 1718 998 1782 faber.

708 1825 866 1888 Martinus
889 1841 1002 1888 sartor.

709 1932 806 2014 Elyas
830 1931 934 2016 dwgy.

626 2201 722 2276 Feria
750 2211 850 2276 sexta
877 2204 954 2294 post
983 2204 1124 2294 Georgii.

769 2363 832 2437 (27.
856 2361 983 2435 aprilis).

350 2501 510 2582 Georgius
532 2519 632 2582 gener
649 2501 792 2562 Baltasar
816 2502 930 2563 citatus
948 2502 987 2562 ad
1006 2503 1193 2564 instanciam
1221 2504 1347 2565 Martini
1374 2503 1506 2566 sartoris

241 2608 357 2690 prim0‚
382 2626 447 2669 non
473 2607 664 2688 comparuit.

348 2730 425 2792 item
451 2730 565 2792 eodem
592 2730 643 2790 die
668 2729 851 2791 Anthonius
881 2749 981 2810 gener
1005 2729 1153 2812 Gregorii
1180 2731 1361 2815 Zabwchky
1386 2732 1506 2794 citatus

241 2837 279 2897 ad
307 2836 495 2898 instanciam
521 2835 641 2897 Mathie
658 2836 806 2897 similiter
823 2834 878 2897 filii
898 2837 1080 2919 Zabwchky
1098 2838 1215 2918 prim0,
1232 2857 1296 2899 non
1312 2839 1503 2919 comparuit.

242 3071 338 3145 Faria
367 3084 464 3146 sexta
493 3078 647 3163 proxima
668 3079 760 3147 intra
792 3085 933 3148 octavas
954 3075 1203 3165 Assumpcionis
1223 3077 1328 3149 Maris
1347 3079 1502 3164 virginis.

748 3229 810 3307 (17.
834 3227 979 3307 augusti).

348 3370 453 3431 Causa
480 3371 561 3432 inter
586 3370 729 3432 Marcum
748 3371 872 3453 Posgay
897 3385 928 3432 et
953 3369 1181 3452 prebendarios
1198 3390 1256 3451 pro
1284 3386 1374 3453 parte
1399 3372 1504 3433 cuius-

244 3476 317 3537 dam
342 3477 416 3557 equi
450 3476 554 3537 delata
588 3492 618 3536 et
650 3492 776 3558 accepta
811 3491 857 3538 est
888 3475 1062 3538 adsedem
1098 3477 1282 3538 immediate
1315 3492 1502 3559 sequentem

241 3583 419 3661 juridicam.

346 3705 421 3766 item
448 3707 563 3767 eodem
582 3707 632 3767 dic
660 3708 769 3768 Petrus
786 3708 906 3768 Rwsko
931 3709 970 3769 de
996 3710 1136 3770 Abbacia
1164 3710 1336 3770 Matrinum
1362 3723 1502 3771 sutorem

241 3826 271 3870 er
296 3811 453 3872 decanum
480 3832 591 3873 eorum
618 3814 656 3873 ad
682 3814 821 3892 primum
853 3813 1007 3892 iudicium
1034 3816 1153 3892 citavit,
1179 3835 1242 3876 non
1270 3817 1458 3897 comparuit.

260 4049 354 4120 Faria
383 4062 480 4121 sexta
510 4050 660 4139 proxima
690 4052 880 4123 antediem
910 4046 1168 4123 Purificacionis
1199 4052 1302 4124 ilarie
1332 4053 1483 4142 virginis.

650 4219 693 4295 (1.
710 4223 871 4295 februarii,
893 4243 963 4282 ann.
991 4225 1095 4298 1527).

348 4361 519 4421 Scolastica
545 4381 676 4422 consors
702 4362 826 4422 Nicolai
851 4364 968 4424 sutoris
999 4364 1038 4424 de
1063 4365 1217 4425 suburbio
1242 4365 1281 4425 ad
1308 4365 1497 4425 instanciam

243 4469 374 4529 domine
403 4468 568 4529 Elizabeth
601 4469 757 4530 consortis
790 4470 878 4530 Pauli
912 4470 1027 4531 literati
1061 4472 1165 4551 primo
1182 4473 1286 4545 citata,
1319 4491 1383 4531 non
1413 4490 1496 4532 com·

240 4589 355 4656 paruit.

348 4698 424 4760 Item
450 4700 564 4761 eodem
597 4700 648 4760 die
682 4700 819 4762 Michael
852 4700 1041 4784 Oprasnych
1072 4703 1112 4764 ad
1148 4702 1335 4764 instanciam
1372 4701 1502 4764 domine

242 4804 416 4867 Karberine
442 4805 481 4867 de
506 4806 805 4888 Quinqueecclesiis
828 4807 943 4869 citatus
974 4808 1091 4890 primo,
1115 4828 1180 4871 non
1204 4808 1394 4890 comparuit.

1406 4897 1443 4960 16
