3502 5264
246 342 303 424 176
655 338 855 417 Ann01508.
881 376 922 385 —
947 342 998 404 26.
1023 345 1102 403 maii.

243 554 370 628 vivum;
395 574 491 636 super
514 574 580 634 quo
606 553 747 635 prelatus
772 554 934 616 lohannes
951 553 1091 636 lrenipar
1116 575 1179 615 non
1206 569 1376 617 contentus
1397 555 1511 637 appel·

243 660 319 720 lavit
343 660 382 720 ad
407 660 559 722 seniores.
585 696 627 704 -
653 660 804 720 Seniores
829 660 950 735 iudices
968 658 1123 741 prefatam
1148 681 1275 721 causam
1301 660 1421 720 auditis
1438 680 1511 742 par·

242 767 327 826 tibus
358 767 514 827 ambabus
549 779 580 827 et
612 766 713 826 revisa
746 767 919 847 agnitaque
953 768 1086 828 veritate
1111 767 1209 827 iidem
1242 765 1513 844 adjudicaverunt

242 870 400 953 prelatum
427 871 606 933 iohannem
633 885 741 932 contra
765 873 885 932 Lucam
911 885 1053 933 sutorem
1071 873 1204 933 minime
1230 891 1318 933 reum
1345 886 1376 933 et
1399 871 1510 954 culpa·

242 977 339 1039 bilem
365 997 443 1041 esse.

419 1212 514 1286 Feria
543 1214 649 1287 tercia
678 1215 831 1305 proxima
860 1229 938 1287 ante
967 1217 1169 1287 dominicam
1198 1217 1325 1287 letare.

771 1366 839 1446 (28.
864 1369 991 1442 martti).

349 1507 453 1568 Causa
480 1507 561 1568 inter
587 1508 800 1569 laurencium
833 1508 986 1568 colonum
1020 1508 1234 1589 pertinentem
1260 1506 1299 1567 ad
1327 1505 1453 1568 Medvve
1477 1521 1511 1568 et

242 1615 507 1695 circumspectum
536 1612 728 1693 Gregorium
755 1612 926 1695 pellificem
949 1615 1109 1675 seniorem
1134 1614 1272 1694 judicem
1298 1613 1441 1695 partibus
1464 1613 1507 1673 ab

244 1719 341 1781 altera
368 1720 497 1781 racione
522 1735 552 1780 et
576 1733 720 1801 pretextu
739 1720 913 1780 locacionis
937 1720 1103 1781 cuiusdam
1121 1720 1186 1779 vini
1206 1739 1260 1800 per
1286 1719 1406 1780 dictum
1425 1717 1510 1778 Lau·

243 1826 397 1904 cencium,
426 1826 480 1886 ubi
505 1826 609 1886 dictus
627 1826 824 1886 Laurencius
847 1827 957 1886 asserit
975 1826 1014 1886 de
1031 1825 1259 1886 commissione
1277 1839 1308 1886 et
1329 1823 1510 1885 annueneia

241 1930 355 2014 prelati
382 1930 531 2010 Gregorii
557 1945 674 1993 eotunc
705 1931 820 2011 judicis
855 1932 975 1992 dietum
1010 1933 1120 1992 vinum
1154 1931 1281 2008 locavit,
1304 1931 1408 1992 dictus
1432 1949 1511 1992 vero

242 2037 418 2117 Gregorius
442 2036 537 2116 judex
555 2039 768 2098 annuenciam
792 2037 977 2098 huiusmodi
997 2038 1135 2118 negavit,
1152 2037 1238 2097 unde
1263 2036 1357 2116 jurati
1382 2035 1510 2115 adjudi-

242 2141 374 2224 carunt{‚
407 2164 443 2203 ex
476 2162 541 2222 quo
575 2144 788 2205 annuenciam
821 2144 1007 2204 huiusmodi
1040 2144 1169 2223 negavit
1204 2143 1277 2204 ideo
1310 2142 1387 2204 feria
1422 2157 1510 2205 sexta

244 2250 388 2330 proxima
413 2263 484 2329 post
512 2248 708 2310 dominicam
732 2249 831 2322 Quasi
860 2250 959 2310 modo
991 2250 1092 2329 geniti
1108 2250 1140 2309 in
1158 2250 1247 2309 altari
1274 2265 1380 2310 sancte
1395 2248 1511 2311 Crucis

242 2357 346 2436 jurare
371 2355 501 2416 debebit
526 2357 613 2436 quod
640 2357 724 2418 idem
751 2357 872 2418 dietum
899 2358 1009 2417 vinum
1029 2356 1134 2417 locare
1157 2376 1223 2417 non
1248 2356 1394 2432 admisit;
1419 2357 1509 2437 quod

241 2463 266 2522 si
292 2461 396 2523 dictus
430 2460 607 2541 Gregorius
638 2462 733 2541 judex
766 2483 830 2523 non
862 2462 1031 2541 juraverit,
1065 2476 1179 2524 extunc
1214 2463 1298 2523 idem
1332 2462 1510 2543 Gregorius

241 2567 335 2647 judex
361 2569 526 2629 convictus
551 2583 597 2628 est
625 2588 721 2650 super
753 2588 961 2649 quocumque
996 2570 1099 2629 dictus
1125 2570 1321 2630 Laurencius
1345 2569 1508 2647 juraverit.

349 2674 472 2734 Eodem
499 2674 550 2733 die
576 2694 669 2735 causa
703 2674 785 2735 inter
811 2675 960 2755 Magdam
993 2675 1190 2736 servitricem
1218 2674 1349 2755 Georgii
1376 2696 1508 2757 carpen-

240 2780 310 2840 tarii
337 2794 368 2841 et
394 2779 584 2841 Michaelem
604 2800 715 2861 sporar
738 2781 866 2841 racione
884 2781 1097 2861 percussionis
1118 2795 1149 2841 et
1173 2781 1433 2861 vituperationis,
1452 2783 1507 2843 ubi

240 2885 332 2964 jurati
359 2885 591 2964 adjudicarunt,
620 2887 707 2966 quod
734 2906 770 2947 ex
799 2905 864 2966 quo
898 2884 1017 2967 prefata
1045 2887 1160 2965 lvlagda
1186 2906 1319 2947 uxorem
1345 2887 1420 2947 dicti
1447 2889 1508 2949 Mi·

242 2992 371 3068 chaelis,
408 3007 503 3072 prout
530 2992 615 3052 idem
644 2993 783 3053 Michael
816 2993 935 3070 asserit,
971 2993 1158 3073 vituperavit
1190 3007 1220 3053 et
1252 3012 1310 3072 pro
1342 2994 1510 3075 vituperiis

242 3097 425 3158 huiusmodi
452 3098 569 3158 dictam
595 3099 744 3158 ancillam
771 3099 937 3178 percussit,
962 3098 1036 3157 ideo
1062 3098 1146 3158 idem
1176 3098 1291 3158 ancilla
1317 3097 1394 3159 feria
1419 3115 1508 3161 sexta

242 3219 313 3284 post
345 3205 541 3265 dominicam
576 3205 675 3277 Quasi
710 3205 808 3265 modo
843 3205 942 3284 geniti
976 3205 1079 3285 jurare
1112 3204 1240 3264 debebit
1274 3206 1361 3284 quod
1387 3205 1507 3267 dictatn

242 3330 372 3371 uxorem
400 3311 566 3373 Michaelis
591 3331 654 3371 non
682 3312 892 3391 vituperavit;
917 3311 1065 3393 deposito
1084 3311 1189 3390 itaque
1215 3310 1399 3372 huiusmodi
1425 3311 1509 3391 jnra-

242 3430 351 3477 mento
389 3417 473 3477 idem
511 3417 648 3478 Michael
680 3436 791 3498 sporar
826 3417 992 3478 convictus
1027 3432 1073 3478 est
1106 3417 1137 3475 in
1175 3436 1256 3496 pena
1292 3419 1508 3497 percussionis

242 3520 438 3582 huiusmodi.

322 3756 418 3827 Feria
456 3766 555 3828 serta
593 3758 747 3847 proxima
786 3767 862 3847 post
900 3759 1021 3827 festum
1059 3756 1146 3827 beati
1177 3759 1301 3828 Vrbani
1332 3780 1424 3848 pape.

768 3909 834 3984 βό.
866 3909 966 3976 vnat'i).

348 4049 452 4109 Causa
479 4051 560 4111 inter
589 4049 773 4112 Gabrielem
807 4049 908 4111 filiurn
936 4048 1082 4107 lvlarencz
1114 4067 1168 4107 seu
1195 4064 1316 4127 patrem
1349 4073 1443 4115 suum
1471 4072 1507 4119 ut

244 4166 383 4212 actorem
410 4169 439 4214 et
466 4155 668 4216 Lodouieum
694 4155 795 4217 filium
821 4153 958 4214 condam
977 4149 1127 4230 Gasparis
1149 4153 1187 4211 de
1215 4154 1290 4214 lala
1315 4172 1350 4218 ut
1375 4159 1405 4220 in
1431 4180 1506 4223 cau*

243 4277 309 4317 sam
335 4273 503 4320 attractum
523 4263 649 4322 racione
668 4277 698 4322 et
715 4275 859 4343 pretextu
877 4256 1042 4319 cuiusdam
1061 4254 1176 4315 domus
1202 4258 1231 4316 in
1252 4261 1377 4322 civitate
1398 4282 1507 4329 nostra

243 4362 361 4438 habita,
387 4384 486 4445 penes
500 4368 719 4428 testimonium
745 4365 956 4427 sufficientem
981 4359 1157 4419 addictam
1183 4381 1309 4424 causam
1335 4382 1366 4427 et
1390 4390 1507 4435 manus

243 4468 318 4528 dicti
345 4470 500 4531 lodouict
526 4474 652 4552 proprie
687 4473 802 4554 scripta
827 4485 858 4531 et
890 4477 1001 4546 expost
1033 4482 1090 4543 pro
1115 4463 1224 4525 debito
1256 4468 1330 4529 dicti
1364 4477 1504 4539 condam

244 4571 395 4654 Gasparis
419 4576 552 4655 obligati
578 4590 608 4637 et
624 4579 753 4638 tandem
780 4594 835 4658 per
851 4569 1009 4655 prelatum
1028 4566 1210 4628 Gabrielem
1236 4573 1362 4635 cuidam
1383 4579 1504 4645 Mathie

243 4680 382 4741 debitori
416 4681 491 4741 dicti
526 4681 677 4764 Gasparis
708 4681 842 4762 obligati
867 4674 991 4758 justicia
1022 4670 1184 4733 mediante
1215 4672 1263 4748 jus
1288 4677 1354 4756 ipsa
1378 4685 1504 4750 solvere

243 4786 414 4862 commisit,
428 4786 501 4847 ideo
518 4786 610 4866 jurati
628 4788 854 4868 adjudicarunt
866 4796 965 4863 penes
980 4774 1137 4858 prelatum
1154 4777 1373 4845 testimonium
1391 4807 1500 4870 supra·
