3502 5264
627 319 713 378 Anno
736 315 830 397 1485.
855 352 896 362 —
919 332 969 378 22.
993 317 1111 392 aprilis.

771 531 899 594 Paulus.

768 636 940 718 Georgius.

770 741 955 824 Gregorius.

769 850 849 911 alter
874 848 1060 930 Gregorius.

770 955 941 1036 Georgius.

769 1062 849 1123 alter
874 1062 1044 1144 Georgius.

771 1169 865 1248 Jwrg.

770 1275 903 1336 Blasius.

769 1379 942 1441 lohannes.

770 1486 918 1548 Michael.

770 1594 945 1655 Emericus.

769 1698 959 1761 Rollankus.

770 1806 932 1868 Nicolaus.

770 1913 921 1974 Briccius.

770 2017 926 2082 Thomas.

298 2273 394 2347 Faria
425 2282 522 2344 sexta
553 2274 705 2361 proxima
734 2283 811 2344 ante
840 2272 963 2343 lestnm
992 2273 1079 2344 beati
1110 2271 1241 2361 Georgii
1271 2271 1435 2344 martiris.

768 2424 829 2498 (22.
854 2424 981 2497 aprilis).

348 2563 425 2624 Item
451 2562 481 2623 in
507 2580 600 2622 causa
625 2561 707 2621 inter
731 2560 900 2623 Nicolaum
920 2562 1065 2624 Horuath
1091 2577 1121 2624 et
1146 2562 1322 2643 Georgium
1350 2563 1498 2643 Hercheg

242 2670 369 2732 racione
395 2683 424 2730 et
449 2680 592 2749 pretextu
610 2667 776 2727 cuiusdam
802 2666 922 2748 (h)0rti,
941 2687 1036 2749 quern
1063 2668 1147 2728 idem
1174 2667 1334 2749 Georgius
1352 2669 1500 2751 Hereheg

241 2775 399 2852 arcaturis,
411 2775 440 2835 in
457 2773 557 2855 prima
572 2772 728 2833 citacione
751 2770 891 2853 prelatus
906 2773 1056 2834 Nicolaus
1070 2773 1216 2834 Horuath
1231 2793 1296 2834 non
1310 2775 1500 2855 comparuit.

348 2899 424 2960 Item
452 2897 483 2957 in
502 2914 596 2957 causa
620 2895 702 2960 iuter
718 2895 925 2957 Valentinum
949 2896 1066 2978 Sporar
1083 2910 1113 2957 et
1129 2896 1299 2958 Nicolaum
1325 2897 1503 2979 Halichycz

242 3019 371 3089 propter
384 3003 557 3085 quamdam
583 3001 721 3078 vineam,
739 3020 836 3082 quam
862 3002 928 3084 ipse
947 3002 1098 3063 Nicolaus
1123 3003 1180 3084 ipsi
1200 3002 1372 3064 Valentino
1397 3004 1502 3065 colere

242 3111 363 3188 habuit,
388 3110 418 3170 in
444 3107 546 3190 prima
571 3107 727 3168 citacione
752 3126 816 3168 non
846 3109 1034 3189 comparuit.

350 3232 427 3294 ltem
445 3231 475 3292 in
491 3249 584 3292 causa
596 3229 677 3290 inter
695 3229 830 3291 Paulum
848 3229 1043 3292 aurifabrum
1062 3245 1092 3293 et
1108 3231 1270 3293 Andream
1290 3233 1356 3294 Lah
1372 3248 1502 3315 propter

243 3339 405 3423 quandam
440 3335 608 3420 pecuniam
635 3335 726 3413 jurati
761 3335 1035 3414 adjudicaverunt,
1067 3337 1154 3416 quod
1187 3337 1282 3398 debet
1306 3338 1409 3415 jurare
1433 3360 1502 3421 pre·

243 3446 325 3509 fatus
357 3444 475 3506 Paulus
507 3439 668 3504 aurifaber
700 3442 730 3501 in
764 3460 815 3502 ara
848 3454 954 3501 sancte
987 3440 1099 3502 Crucis
1132 3441 1207 3502 feria
1240 3457 1325 3503 sexta
1358 3445 1502 3524 proxime

243 3567 394 3626 ventura3
419 3548 554 3612 eandem
581 3565 708 3609 causam
734 3545 873 3628 prelatus
899 3545 1015 3606 Paulus
1043 3546 1082 3606 ad
1108 3548 1248 3607 seniores
1272 3550 1456 3630 appellavit.

349 3675 425 3736 Item
452 3672 482 3733 in
508 3690 600 3732 causa
620 3670 705 3731 Luce
732 3668 896 3751 Nybarycz
922 3682 1050 3748 propter
1067 3669 1230 3748 quoddam
1257 3686 1381 3750 pratum
1408 3672 1500 3752 jurati

248 3782 481 3863 judicaverunt,
504 3775 592 3859 quod
619 3776 721 3837 Lucas
754 3774 867 3852 jurabit
894 3773 925 3834 in
951 3792 1002 3833 ara
1027 3788 1132 3834 sancte
1166 3774 1279 3835 Crucis
1305 3775 1380 3837 feria
1413 3795 1499 3841 sexta

244 3888 388 3972 proxime
413 3899 545 3947 ventura
570 3881 733 3943 solusmet.

350 4010 426 4072 ltem
453 4009 484 4070 in
509 4026 602 4069 causa
628 4004 708 4066 inter
733 4000 911 4064 iohannem
942 3999 1150 4081 Soldinarycz
1175 4001 1334 4063 seniorem
1361 4004 1499 4079 juratum

245 4134 275 4183 et
300 4116 469 4181 Nicolaum
497 4110 644 4175 Horuath
669 4122 796 4191 propter
822 4105 983 4187 quandam
1009 4105 1153 4179 domum,
1180 4104 1269 4178 iurati
1296 4107 1499 4179 adiudicare-

245 4240 329 4302 runt‚
354 4223 441 4306 quod
468 4241 504 4282 ex
529 4237 595 4300 quo
613 4218 678 4298 ipse
704 4212 856 4275 Nicolaus
875 4209 1018 4271 Horuuth
1038 4228 1101 4269 nrm
1121 4208 1178 4269 luit
1197 4227 1382 4289 prosecutus
1400 4216 1500 4295 ipsam

245 4332 378 4394 domum
404 4329 487 4408 juxta
511 4320 775 4387 consuetudinem
801 4315 948 4391 civitatis,
972 4333 1125 4395 expensus
1154 4332 1233 4394 quas
1258 4319 1439 4396 requirebat
1463 4325 1503 4383 ab

246 4441 316 4522 ipso
340 4435 484 4498 Johanne
511 4431 717 4512 Snldinarycz
742 4443 807 4488 non
834 4435 935 4504 potest
960 4419 1121 4500 reqttirere
1140 4419 1194 4479 sed
1220 4435 1292 4482 sunt
1317 4423 1347 4482 in
1367 4444 1503 4502 sanum3

246 4544 381 4608 eandem
406 4558 533 4604 causam
559 4538 625 4621 ipse
650 4531 803 4596 Nicolaus
828 4524 973 4588 Horuatb
998 4523 1171 4606 appellavit
1197 4524 1235 4585 ad
1262 4527 1413 4592 seniores.

353 4666 429 4730 Item
455 4665 487 4727 in
512 4679 606 4726 causa
637 4657 719 4720 inter
749 4649 954 4715 Valentinum
987 4659 1016 4709 et
1045 4644 1176 4709 Gallum
1212 4646 1376 4729 Nudelycz
1410 4652 1501 4727 jumi

248 4772 511 4859 adjudicaverunt
534 4764 622 4852 quod
646 4758 813 4826 antecedat
836 4772 962 4838 semper
985 4768 1079 4815 causa
1104 4748 1277 4814 Valentini.
