<?xml version="1.0" encoding="UTF-8"?>
<!DOCTYPE html PUBLIC "-//W3C//DTD XHTML 1.0 Transitional//EN"
    "http://www.w3.org/TR/xhtml1/DTD/xhtml1-transitional.dtd">
<html xmlns="http://www.w3.org/1999/xhtml" xml:lang="en" lang="en">
 <head>
  <title>
</title>
<meta http-equiv="Content-Type" content="text/html;charset=utf-8" />
  <meta name='ocr-system' content='tesseract 3.04.00' />
  <meta name='ocr-capabilities' content='ocr_page ocr_carea ocr_par ocr_line ocrx_word'/>
</head>
<body>
  <div class='ocr_page' id='page_1' title='image "./monumentahistor03laszgoog_0173.png"; bbox 0 0 3502 5264; ppageno 0'>
   <div class='ocr_carea' id='block_1_1' title="bbox 243 347 1099 433">
    <p class='ocr_par' dir='ltr' id='par_1_1' title="bbox 243 347 1099 433">
     <span class='ocr_line' id='line_1_1' title="bbox 243 347 1099 433; baseline -0.011 -19"><span class='ocrx_word' id='word_1_1' title='bbox 243 371 299 433; x_wconf 84' lang='lat'>¹32</span> <span class='ocrx_word' id='word_1_2' title='bbox 629 350 716 407; x_wconf 85' lang='lat' dir='ltr'>Anno</span> <span class='ocrx_word' id='word_1_3' title='bbox 737 359 826 423; x_wconf 82' lang='lat'><em>1501.</em></span> <span class='ocrx_word' id='word_1_4' title='bbox 852 380 893 389; x_wconf 94' lang='lat'>—</span> <span class='ocrx_word' id='word_1_5' title='bbox 917 360 966 423; x_wconf 80' lang='lat'>23·</span> <span class='ocrx_word' id='word_1_6' title='bbox 991 347 1099 406; x_wconf 81' lang='lat' dir='ltr'>martii.</span> 
     </span>
    </p>
   </div>
   <div class='ocr_carea' id='block_1_2' title="bbox 238 455 760 467">
    <p class='ocr_par' dir='ltr' id='par_1_2' title="bbox 238 455 760 467">
     <span class='ocr_line' id='line_1_2' title="bbox 238 455 760 467; baseline -0.01 0"><span class='ocrx_word' id='word_1_7' title='bbox 238 459 447 467; x_wconf 82' lang='lat'><em>-.——--—-</em></span> <span class='ocrx_word' id='word_1_8' title='bbox 452 457 526 465; x_wconf 60' lang='grc'>*-</span> <span class='ocrx_word' id='word_1_9' title='bbox 690 455 760 463; x_wconf 76' lang='lat'>——-</span> 
     </span>
    </p>
   </div>
   <div class='ocr_carea' id='block_1_3' title="bbox 704 557 963 621">
    <p class='ocr_par' dir='ltr' id='par_1_3' title="bbox 704 557 963 621">
     <span class='ocr_line' id='line_1_3' title="bbox 704 557 963 621; baseline -0.004 1"><span class='ocrx_word' id='word_1_10' title='bbox 704 559 840 621; x_wconf 90' lang='lat' dir='ltr'>Mathias</span> <span class='ocrx_word' id='word_1_11' title='bbox 865 557 963 621; x_wconf 83' lang='lat' dir='ltr'>faber.</span> 
     </span>
    </p>
   </div>
   <div class='ocr_carea' id='block_1_4' title="bbox 704 663 1104 2130">
    <p class='ocr_par' dir='ltr' id='par_1_4' title="bbox 704 663 1104 2130">
     <span class='ocr_line' id='line_1_4' title="bbox 706 663 1058 746; baseline -0.006 -18"><span class='ocrx_word' id='word_1_12' title='bbox 706 664 882 746; x_wconf 83' lang='lat' dir='ltr'>Gregorius</span> <span class='ocrx_word' id='word_1_13' title='bbox 906 663 1058 745; x_wconf 88' lang='lat' dir='ltr'>agricola.</span> 
     </span>
     <span class='ocr_line' id='line_1_5' title="bbox 706 771 965 852; baseline -0.004 -18"><span class='ocrx_word' id='word_1_14' title='bbox 706 771 820 834; x_wconf 81' lang='lat' dir='ltr'>Gallus</span> <span class='ocrx_word' id='word_1_15' title='bbox 845 789 965 852; x_wconf 89' lang='lat' dir='ltr'>sporar.</span> 
     </span>
     <span class='ocr_line' id='line_1_6' title="bbox 705 876 1104 959; baseline -0.008 -19"><span class='ocrx_word' id='word_1_16' title='bbox 705 877 837 941; x_wconf 89' lang='lat' dir='ltr'>Mathko</span> <span class='ocrx_word' id='word_1_17' title='bbox 864 876 1104 959; x_wconf 89' lang='lat' dir='ltr'>Pongrachych.</span> 
     </span>
     <span class='ocr_line' id='line_1_7' title="bbox 704 986 952 1047; baseline 0 0"><span class='ocrx_word' id='word_1_18' title='bbox 704 986 831 1047; x_wconf 90' lang='lat' dir='ltr'>Marcus</span> <span class='ocrx_word' id='word_1_19' title='bbox 855 999 952 1047; x_wconf 92' lang='lat' dir='ltr'>sutor.</span> 
     </span>
     <span class='ocr_line' id='line_1_8' title="bbox 706 1090 1059 1172; baseline 0.003 -20"><span class='ocrx_word' id='word_1_20' title='bbox 706 1090 882 1172; x_wconf 82' lang='lat' dir='ltr'>Gregorius</span> <span class='ocrx_word' id='word_1_21' title='bbox 906 1090 1059 1170; x_wconf 88' lang='lat' dir='ltr'>agricola.</span> 
     </span>
     <span class='ocr_line' id='line_1_9' title="bbox 707 1197 975 1260; baseline 0.004 -2"><span class='ocrx_word' id='word_1_22' title='bbox 707 1197 853 1258; x_wconf 82' lang='lat' dir='ltr'>Andreas</span> <span class='ocrx_word' id='word_1_23' title='bbox 876 1211 975 1260; x_wconf 90' lang='lat' dir='ltr'>sutor.</span> 
     </span>
     <span class='ocr_line' id='line_1_10' title="bbox 706 1303 1019 1365; baseline -0.003 -1"><span class='ocrx_word' id='word_1_24' title='bbox 706 1303 896 1365; x_wconf 82' lang='lat' dir='ltr'>Ambrosius</span> <span class='ocrx_word' id='word_1_25' title='bbox 920 1317 1019 1365; x_wconf 90' lang='lat' dir='ltr'>sutor.</span> 
     </span>
     <span class='ocr_line' id='line_1_11' title="bbox 707 1410 982 1472; baseline 0.004 -1"><span class='ocrx_word' id='word_1_26' title='bbox 707 1410 860 1471; x_wconf 88' lang='lat' dir='ltr'>Nicolaus</span> <span class='ocrx_word' id='word_1_27' title='bbox 883 1422 982 1472; x_wconf 91' lang='lat' dir='ltr'>sutor.</span> 
     </span>
     <span class='ocr_line' id='line_1_12' title="bbox 708 1515 967 1579; baseline 0.008 -2"><span class='ocrx_word' id='word_1_28' title='bbox 708 1515 845 1577; x_wconf 86' lang='lat' dir='ltr'>Mathias</span> <span class='ocrx_word' id='word_1_29' title='bbox 867 1528 967 1579; x_wconf 91' lang='lat' dir='ltr'>sutor.</span> 
     </span>
     <span class='ocr_line' id='line_1_13' title="bbox 707 1620 1093 1703; baseline 0 -19"><span class='ocrx_word' id='word_1_30' title='bbox 707 1620 884 1702; x_wconf 83' lang='lat' dir='ltr'>Gregorius</span> <span class='ocrx_word' id='word_1_31' title='bbox 909 1622 1093 1703; x_wconf 79' lang='lat' dir='ltr'>Hungarus</span> 
     </span>
     <span class='ocr_line' id='line_1_14' title="bbox 709 1727 1066 1810; baseline 0.006 -20"><span class='ocrx_word' id='word_1_32' title='bbox 709 1727 885 1810; x_wconf 78' lang='lat' dir='ltr'>Gregorius</span> <span class='ocrx_word' id='word_1_33' title='bbox 909 1728 1066 1792; x_wconf 89' lang='lat' dir='ltr'>Kranecz.</span> 
     </span>
     <span class='ocr_line' id='line_1_15' title="bbox 709 1835 943 1897; baseline 0 -1"><span class='ocrx_word' id='word_1_34' title='bbox 709 1835 821 1896; x_wconf 88' lang='lat' dir='ltr'>Petrus</span> <span class='ocrx_word' id='word_1_35' title='bbox 845 1848 943 1897; x_wconf 87' lang='lat' dir='ltr'>sutor.</span> 
     </span>
     <span class='ocr_line' id='line_1_16' title="bbox 705 1940 1073 2003; baseline 0.003 -1"><span class='ocrx_word' id='word_1_36' title='bbox 705 1940 951 2003; x_wconf 88' lang='lat' dir='ltr'>Bartholomeus</span> <span class='ocrx_word' id='word_1_37' title='bbox 975 1954 1073 2003; x_wconf 90' lang='lat' dir='ltr'>sutor.</span> 
     </span>
     <span class='ocr_line' id='line_1_17' title="bbox 709 2047 901 2130; baseline 0.005 -21"><span class='ocrx_word' id='word_1_38' title='bbox 709 2047 901 2130; x_wconf 83' lang='lat' dir='ltr'>Stephanus.</span> 
     </span>
    </p>
   </div>
   <div class='ocr_carea' id='block_1_5' title="bbox 480 2245 1277 2337">
    <p class='ocr_par' dir='ltr' id='par_1_5' title="bbox 480 2245 1277 2337">
     <span class='ocr_line' id='line_1_18' title="bbox 480 2245 1277 2337; baseline -0.005 -16"><span class='ocrx_word' id='word_1_39' title='bbox 480 2250 577 2323; x_wconf 86' lang='lat' dir='ltr'>Feria</span> <span class='ocrx_word' id='word_1_40' title='bbox 608 2248 713 2322; x_wconf 89' lang='lat' dir='ltr'>tercia</span> <span class='ocrx_word' id='word_1_41' title='bbox 742 2257 819 2321; x_wconf 89' lang='lat' dir='ltr'>ante</span> <span class='ocrx_word' id='word_1_42' title='bbox 847 2249 970 2320; x_wconf 84' lang='lat' dir='ltr'>testum</span> <span class='ocrx_word' id='word_1_43' title='bbox 999 2247 1088 2320; x_wconf 86' lang='lat' dir='ltr'>beati</span> <span class='ocrx_word' id='word_1_44' title='bbox 1119 2245 1277 2337; x_wconf 83' lang='lat' dir='ltr'>Gregorii.</span> 
     </span>
    </p>
   </div>
   <div class='ocr_carea' id='block_1_6' title="bbox 778 2404 968 2477">
    <p class='ocr_par' dir='ltr' id='par_1_6' title="bbox 778 2404 968 2477">
     <span class='ocr_line' id='line_1_19' title="bbox 778 2404 968 2477; baseline 0.016 -18"><span class='ocrx_word' id='word_1_45' title='bbox 778 2406 822 2477; x_wconf 86' lang='lat'>(9.</span> <span class='ocrx_word' id='word_1_46' title='bbox 847 2404 968 2477; x_wconf 74' lang='lat' dir='ltr'>nrartr‘r).</span> 
     </span>
    </p>
   </div>
   <div class='ocr_carea' id='block_1_7' title="bbox 245 2520 1513 2819">
    <p class='ocr_par' dir='ltr' id='par_1_7' title="bbox 245 2520 1513 2819">
     <span class='ocr_line' id='line_1_20' title="bbox 350 2520 1513 2604; baseline -0.007 -14"><span class='ocrx_word' id='word_1_47' title='bbox 350 2528 489 2590; x_wconf 90' lang='lat' dir='ltr'>Domina</span> <span class='ocrx_word' id='word_1_48' title='bbox 514 2525 676 2588; x_wconf 87' lang='lat' dir='ltr'>Dorothea</span> <span class='ocrx_word' id='word_1_49' title='bbox 706 2525 815 2587; x_wconf 88' lang='lat' dir='ltr'>relicta</span> <span class='ocrx_word' id='word_1_50' title='bbox 848 2526 986 2586; x_wconf 90' lang='lat' dir='ltr'>condam</span> <span class='ocrx_word' id='word_1_51' title='bbox 1013 2525 1150 2585; x_wconf 86' lang='lat' dir='ltr'>Emerici</span> <span class='ocrx_word' id='word_1_52' title='bbox 1184 2523 1299 2604; x_wconf 87' lang='lat' dir='ltr'>judicis</span> <span class='ocrx_word' id='word_1_53' title='bbox 1322 2521 1361 2582; x_wconf 89' lang='lat' dir='ltr'>ad</span> <span class='ocrx_word' id='word_1_54' title='bbox 1388 2520 1513 2583; x_wconf 81' lang='lat' dir='ltr'>instan-</span> 
     </span>
     <span class='ocr_line' id='line_1_21' title="bbox 245 2628 1512 2712; baseline -0.006 -14"><span class='ocrx_word' id='word_1_55' title='bbox 245 2637 325 2698; x_wconf 93' lang='lat' dir='ltr'>ciam</span> <span class='ocrx_word' id='word_1_56' title='bbox 352 2634 484 2695; x_wconf 91' lang='lat' dir='ltr'>domine</span> <span class='ocrx_word' id='word_1_57' title='bbox 503 2633 640 2693; x_wconf 84' lang='lat' dir='ltr'>Barbare</span> <span class='ocrx_word' id='word_1_58' title='bbox 665 2632 903 2712; x_wconf 84' lang='lat' dir='ltr'>consanguinee</span> <span class='ocrx_word' id='word_1_59' title='bbox 921 2631 1064 2693; x_wconf 90' lang='lat' dir='ltr'>eiusdem</span> <span class='ocrx_word' id='word_1_60' title='bbox 1091 2630 1227 2692; x_wconf 92' lang='lat' dir='ltr'>condam</span> <span class='ocrx_word' id='word_1_61' title='bbox 1246 2628 1384 2691; x_wconf 87' lang='lat' dir='ltr'>Emerici</span> <span class='ocrx_word' id='word_1_62' title='bbox 1403 2628 1512 2710; x_wconf 91' lang='lat' dir='ltr'>primo</span> 
     </span>
     <span class='ocr_line' id='line_1_22' title="bbox 245 2738 643 2819; baseline -0.013 -16"><span class='ocrx_word' id='word_1_63' title='bbox 245 2743 338 2803; x_wconf 88' lang='lat' dir='ltr'>citata</span> <span class='ocrx_word' id='word_1_64' title='bbox 363 2759 428 2800; x_wconf 93' lang='lat' dir='ltr'>non</span> <span class='ocrx_word' id='word_1_65' title='bbox 454 2738 643 2819; x_wconf 89' lang='lat' dir='ltr'>comparuit.</span> 
     </span>
    </p>
   </div>
   <div class='ocr_carea' id='block_1_8' title="bbox 521 2904 1229 3137">
    <p class='ocr_par' dir='ltr' id='par_1_8' title="bbox 521 2904 1229 3137">
     <span class='ocr_line' id='line_1_23' title="bbox 521 2904 1229 2995; baseline -0.004 -17"><span class='ocrx_word' id='word_1_66' title='bbox 521 2905 615 2979; x_wconf 83' lang='lat' dir='ltr'>Feria</span> <span class='ocrx_word' id='word_1_67' title='bbox 645 2909 751 2979; x_wconf 88' lang='lat' dir='ltr'>tercia</span> <span class='ocrx_word' id='word_1_68' title='bbox 781 2914 857 2995; x_wconf 88' lang='lat' dir='ltr'>post</span> <span class='ocrx_word' id='word_1_69' title='bbox 895 2907 1095 2979; x_wconf 83' lang='lat' dir='ltr'>dominicam</span> <span class='ocrx_word' id='word_1_70' title='bbox 1124 2904 1229 2979; x_wconf 86' lang='lat' dir='ltr'>Oculi.</span> 
     </span>
     <span class='ocr_line' id='line_1_24' title="bbox 770 3060 982 3137; baseline 0.014 -20"><span class='ocrx_word' id='word_1_71' title='bbox 770 3060 835 3131; x_wconf 72' lang='lat'>(16.</span> <span class='ocrx_word' id='word_1_72' title='bbox 859 3062 982 3137; x_wconf 77' lang='lat' dir='ltr'>rrrartr&#39;r).</span> 
     </span>
    </p>
   </div>
   <div class='ocr_carea' id='block_1_9' title="bbox 247 3178 1516 3476">
    <p class='ocr_par' dir='ltr' id='par_1_9' title="bbox 247 3178 1516 3476">
     <span class='ocr_line' id='line_1_25' title="bbox 351 3178 1514 3260; baseline -0.003 -14"><span class='ocrx_word' id='word_1_73' title='bbox 351 3186 490 3246; x_wconf 91' lang='lat' dir='ltr'>Domina</span> <span class='ocrx_word' id='word_1_74' title='bbox 516 3182 679 3244; x_wconf 87' lang='lat' dir='ltr'>Dorothea</span> <span class='ocrx_word' id='word_1_75' title='bbox 704 3182 813 3243; x_wconf 89' lang='lat' dir='ltr'>relicta</span> <span class='ocrx_word' id='word_1_76' title='bbox 831 3183 968 3244; x_wconf 90' lang='lat' dir='ltr'>condam</span> <span class='ocrx_word' id='word_1_77' title='bbox 990 3183 1128 3244; x_wconf 89' lang='lat' dir='ltr'>Emerici</span> <span class='ocrx_word' id='word_1_78' title='bbox 1154 3181 1269 3243; x_wconf 89' lang='lat' dir='ltr'>literati</span> <span class='ocrx_word' id='word_1_79' title='bbox 1295 3180 1373 3242; x_wconf 93' lang='lat' dir='ltr'>olim</span> <span class='ocrx_word' id='word_1_80' title='bbox 1393 3178 1514 3260; x_wconf 85' lang='lat' dir='ltr'>judicis</span> 
     </span>
     <span class='ocr_line' id='line_1_26' title="bbox 248 3286 1516 3370; baseline -0.002 -18"><span class='ocrx_word' id='word_1_81' title='bbox 248 3293 287 3352; x_wconf 91' lang='lat' dir='ltr'>ad</span> <span class='ocrx_word' id='word_1_82' title='bbox 314 3292 501 3352; x_wconf 78' lang='lat' dir='ltr'>instanciam</span> <span class='ocrx_word' id='word_1_83' title='bbox 530 3290 661 3351; x_wconf 87' lang='lat' dir='ltr'>domine</span> <span class='ocrx_word' id='word_1_84' title='bbox 687 3290 823 3350; x_wconf 87' lang='lat' dir='ltr'>Barbare</span> <span class='ocrx_word' id='word_1_85' title='bbox 849 3289 1087 3370; x_wconf 87' lang='lat' dir='ltr'>consanguinee</span> <span class='ocrx_word' id='word_1_86' title='bbox 1121 3288 1283 3364; x_wconf 91' lang='lat' dir='ltr'>eiusdem,</span> <span class='ocrx_word' id='word_1_87' title='bbox 1322 3286 1435 3349; x_wconf 88' lang='lat' dir='ltr'>citacio</span> <span class='ocrx_word' id='word_1_88' title='bbox 1466 3307 1516 3349; x_wconf 88' lang='lat' dir='ltr'>se·</span> 
     </span>
     <span class='ocr_line' id='line_1_27' title="bbox 247 3397 675 3476; baseline -0.007 -18"><span class='ocrx_word' id='word_1_89' title='bbox 247 3398 362 3475; x_wconf 86' lang='lat' dir='ltr'>cunda,</span> <span class='ocrx_word' id='word_1_90' title='bbox 394 3417 458 3457; x_wconf 93' lang='lat' dir='ltr'>non</span> <span class='ocrx_word' id='word_1_91' title='bbox 484 3397 675 3476; x_wconf 89' lang='lat' dir='ltr'>comparuit.</span> 
     </span>
    </p>
   </div>
   <div class='ocr_carea' id='block_1_10' title="bbox 424 3581 1333 3811">
    <p class='ocr_par' dir='ltr' id='par_1_10' title="bbox 424 3581 1333 3811">
     <span class='ocr_line' id='line_1_28' title="bbox 424 3581 1333 3671; baseline -0.002 -16"><span class='ocrx_word' id='word_1_92' title='bbox 424 3583 519 3655; x_wconf 77' lang='lat' dir='ltr'>Faria</span> <span class='ocrx_word' id='word_1_93' title='bbox 550 3582 655 3654; x_wconf 89' lang='lat' dir='ltr'>tercia</span> <span class='ocrx_word' id='word_1_94' title='bbox 688 3587 839 3671; x_wconf 89' lang='lat' dir='ltr'>proxima</span> <span class='ocrx_word' id='word_1_95' title='bbox 869 3592 944 3671; x_wconf 89' lang='lat' dir='ltr'>post</span> <span class='ocrx_word' id='word_1_96' title='bbox 974 3581 1174 3653; x_wconf 88' lang='lat' dir='ltr'>dominicam</span> <span class='ocrx_word' id='word_1_97' title='bbox 1204 3582 1333 3655; x_wconf 84' lang='lat' dir='ltr'>letare.</span> 
     </span>
     <span class='ocr_line' id='line_1_29' title="bbox 775 3738 988 3811; baseline -0.005 -19"><span class='ocrx_word' id='word_1_98' title='bbox 775 3738 837 3811; x_wconf 73' lang='lat'>(25.</span> <span class='ocrx_word' id='word_1_99' title='bbox 863 3739 988 3805; x_wconf 78' lang='lat' dir='ltr'>trrartr&#39;i).</span> 
     </span>
    </p>
   </div>
   <div class='ocr_carea' id='block_1_11' title="bbox 251 3856 1519 4876">
    <p class='ocr_par' dir='ltr' id='par_1_11' title="bbox 251 3856 1515 4046">
     <span class='ocr_line' id='line_1_30' title="bbox 356 3856 1515 3939; baseline 0.002 -22"><span class='ocrx_word' id='word_1_100' title='bbox 356 3860 461 3919; x_wconf 68' lang='lat' dir='ltr'>(lausa</span> <span class='ocrx_word' id='word_1_101' title='bbox 487 3860 567 3920; x_wconf 90' lang='lat' dir='ltr'>inter</span> <span class='ocrx_word' id='word_1_102' title='bbox 593 3859 757 3919; x_wconf 88' lang='lat' dir='ltr'>dominam</span> <span class='ocrx_word' id='word_1_103' title='bbox 784 3856 979 3918; x_wconf 87' lang='lat' dir='ltr'>Dorotheam</span> <span class='ocrx_word' id='word_1_104' title='bbox 1009 3871 1041 3920; x_wconf 91' lang='lat' dir='ltr'>et</span> <span class='ocrx_word' id='word_1_105' title='bbox 1066 3856 1243 3939; x_wconf 84' lang='lat' dir='ltr'>Georgium</span> <span class='ocrx_word' id='word_1_106' title='bbox 1267 3857 1515 3939; x_wconf 87' lang='lat' dir='ltr'>carpentarium,</span> 
     </span>
     <span class='ocr_line' id='line_1_31' title="bbox 251 3962 1308 4046; baseline 0 -21"><span class='ocrx_word' id='word_1_107' title='bbox 251 3965 304 4025; x_wconf 93' lang='lat' dir='ltr'>ubi</span> <span class='ocrx_word' id='word_1_108' title='bbox 332 3966 362 4024; x_wconf 90' lang='lat' dir='ltr'>in</span> <span class='ocrx_word' id='word_1_109' title='bbox 389 3965 493 4044; x_wconf 89' lang='lat' dir='ltr'>primo</span> <span class='ocrx_word' id='word_1_110' title='bbox 518 3966 655 4026; x_wconf 85' lang='lat' dir='ltr'>lcrmino</span> <span class='ocrx_word' id='word_1_111' title='bbox 680 3965 810 4024; x_wconf 89' lang='lat' dir='ltr'>domina</span> <span class='ocrx_word' id='word_1_112' title='bbox 835 3962 998 4025; x_wconf 86' lang='lat' dir='ltr'>Dorothea</span> <span class='ocrx_word' id='word_1_113' title='bbox 1029 3983 1093 4024; x_wconf 94' lang='lat' dir='ltr'>non</span> <span class='ocrx_word' id='word_1_114' title='bbox 1119 3964 1308 4046; x_wconf 85' lang='lat' dir='ltr'>comparuit.</span> 
     </span>
    </p>

    <p class='ocr_par' dir='ltr' id='par_1_12' title="bbox 252 4069 1519 4876">
     <span class='ocr_line' id='line_1_32' title="bbox 357 4069 1514 4132; baseline 0.001 -2"><span class='ocrx_word' id='word_1_115' title='bbox 357 4072 461 4131; x_wconf 72' lang='lat' dir='ltr'>(lausa</span> <span class='ocrx_word' id='word_1_116' title='bbox 488 4072 569 4131; x_wconf 88' lang='lat' dir='ltr'>inter</span> <span class='ocrx_word' id='word_1_117' title='bbox 597 4071 761 4131; x_wconf 89' lang='lat' dir='ltr'>dominam</span> <span class='ocrx_word' id='word_1_118' title='bbox 796 4070 991 4131; x_wconf 77' lang='lat' dir='ltr'>Dorotheum</span> <span class='ocrx_word' id='word_1_119' title='bbox 1027 4070 1169 4131; x_wconf 88' lang='lat' dir='ltr'>relictam</span> <span class='ocrx_word' id='word_1_120' title='bbox 1204 4069 1340 4131; x_wconf 90' lang='lat' dir='ltr'>condam</span> <span class='ocrx_word' id='word_1_121' title='bbox 1376 4069 1514 4132; x_wconf 89' lang='lat' dir='ltr'>Emerici</span> 
     </span>
     <span class='ocr_line' id='line_1_33' title="bbox 252 4176 1512 4257; baseline 0 -21"><span class='ocrx_word' id='word_1_122' title='bbox 252 4178 366 4238; x_wconf 87' lang='lat' dir='ltr'>literati</span> <span class='ocrx_word' id='word_1_123' title='bbox 394 4192 423 4237; x_wconf 86' lang='lat' dir='ltr'>et</span> <span class='ocrx_word' id='word_1_124' title='bbox 449 4178 614 4236; x_wconf 82' lang='lat' dir='ltr'>dominam</span> <span class='ocrx_word' id='word_1_125' title='bbox 641 4177 824 4252; x_wconf 80' lang='lat' dir='ltr'>Barbaram‚</span> <span class='ocrx_word' id='word_1_126' title='bbox 853 4176 975 4236; x_wconf 93' lang='lat' dir='ltr'>domini</span> <span class='ocrx_word' id='word_1_127' title='bbox 1005 4176 1097 4253; x_wconf 76' lang='lat' dir='ltr'>iurati</span> <span class='ocrx_word' id='word_1_128' title='bbox 1123 4176 1399 4257; x_wconf 84' lang='lat' dir='ltr'>adjudicaverunt,</span> <span class='ocrx_word' id='word_1_129' title='bbox 1424 4176 1512 4256; x_wconf 91' lang='lat' dir='ltr'>quod</span> 
     </span>
     <span class='ocr_line' id='line_1_34' title="bbox 253 4280 1517 4364; baseline 0.001 -22"><span class='ocrx_word' id='word_1_130' title='bbox 253 4283 384 4342; x_wconf 90' lang='lat' dir='ltr'>domina</span> <span class='ocrx_word' id='word_1_131' title='bbox 412 4283 547 4341; x_wconf 82' lang='lat' dir='ltr'>Barbara</span> <span class='ocrx_word' id='word_1_132' title='bbox 574 4283 669 4343; x_wconf 87' lang='lat' dir='ltr'>debet</span> <span class='ocrx_word' id='word_1_133' title='bbox 694 4280 797 4357; x_wconf 88' lang='lat' dir='ltr'>jurare</span> <span class='ocrx_word' id='word_1_134' title='bbox 815 4281 903 4362; x_wconf 91' lang='lat' dir='ltr'>quod</span> <span class='ocrx_word' id='word_1_135' title='bbox 920 4281 1018 4343; x_wconf 90' lang='lat' dir='ltr'>nichil</span> <span class='ocrx_word' id='word_1_136' title='bbox 1043 4283 1166 4343; x_wconf 89' lang='lat' dir='ltr'>dotavit</span> <span class='ocrx_word' id='word_1_137' title='bbox 1190 4285 1240 4344; x_wconf 89' lang='lat' dir='ltr'>vel</span> <span class='ocrx_word' id='word_1_138' title='bbox 1260 4283 1443 4364; x_wconf 90' lang='lat' dir='ltr'>propinavit</span> <span class='ocrx_word' id='word_1_139' title='bbox 1460 4283 1517 4343; x_wconf 93' lang='lat' dir='ltr'>do·</span> 
     </span>
     <span class='ocr_line' id='line_1_35' title="bbox 253 4386 1517 4469; baseline 0 -21"><span class='ocrx_word' id='word_1_140' title='bbox 253 4387 338 4448; x_wconf 88' lang='lat' dir='ltr'>minc</span> <span class='ocrx_word' id='word_1_141' title='bbox 365 4387 527 4447; x_wconf 89' lang='lat' dir='ltr'>Dorothcc</span> <span class='ocrx_word' id='word_1_142' title='bbox 553 4388 684 4468; x_wconf 89' lang='lat' dir='ltr'>quando</span> <span class='ocrx_word' id='word_1_143' title='bbox 709 4386 872 4468; x_wconf 84' lang='lat' dir='ltr'>copulavit</span> <span class='ocrx_word' id='word_1_144' title='bbox 896 4406 966 4448; x_wconf 91' lang='lat' dir='ltr'>eam</span> <span class='ocrx_word' id='word_1_145' title='bbox 999 4386 1138 4469; x_wconf 88' lang='lat' dir='ltr'>prelatus</span> <span class='ocrx_word' id='word_1_146' title='bbox 1164 4388 1329 4451; x_wconf 85' lang='lat' dir='ltr'>Emericus</span> <span class='ocrx_word' id='word_1_147' title='bbox 1354 4389 1517 4464; x_wconf 86' lang='lat' dir='ltr'>literatus;</span> 
     </span>
     <span class='ocr_line' id='line_1_36' title="bbox 253 4492 1517 4575; baseline 0.001 -22"><span class='ocrx_word' id='word_1_148' title='bbox 253 4493 384 4553; x_wconf 88' lang='lat' dir='ltr'>domina</span> <span class='ocrx_word' id='word_1_149' title='bbox 410 4509 515 4553; x_wconf 86' lang='lat' dir='ltr'>aurern</span> <span class='ocrx_word' id='word_1_150' title='bbox 551 4493 713 4555; x_wconf 86' lang='lat' dir='ltr'>Dorothca</span> <span class='ocrx_word' id='word_1_151' title='bbox 746 4492 841 4553; x_wconf 89' lang='lat' dir='ltr'>dcbet</span> <span class='ocrx_word' id='word_1_152' title='bbox 877 4492 981 4571; x_wconf 86' lang='lat' dir='ltr'>jurare</span> <span class='ocrx_word' id='word_1_153' title='bbox 1014 4494 1101 4575; x_wconf 91' lang='lat' dir='ltr'>quod</span> <span class='ocrx_word' id='word_1_154' title='bbox 1125 4514 1190 4555; x_wconf 93' lang='lat' dir='ltr'>non</span> <span class='ocrx_word' id='word_1_155' title='bbox 1223 4496 1301 4557; x_wconf 90' lang='lat' dir='ltr'>emit</span> <span class='ocrx_word' id='word_1_156' title='bbox 1325 4496 1452 4556; x_wconf 90' lang='lat' dir='ltr'>vineam</span> <span class='ocrx_word' id='word_1_157' title='bbox 1478 4494 1517 4555; x_wconf 90' lang='lat' dir='ltr'>de</span> 
     </span>
     <span class='ocr_line' id='line_1_37' title="bbox 255 4598 1518 4681; baseline 0.002 -22"><span class='ocrx_word' id='word_1_158' title='bbox 255 4599 348 4659; x_wconf 92' lang='lat' dir='ltr'>bonis</span> <span class='ocrx_word' id='word_1_159' title='bbox 373 4600 503 4659; x_wconf 85' lang='lat' dir='ltr'>dominc</span> <span class='ocrx_word' id='word_1_160' title='bbox 537 4600 692 4673; x_wconf 77' lang='lat' dir='ltr'>Barbnrc3</span> <span class='ocrx_word' id='word_1_161' title='bbox 726 4598 809 4659; x_wconf 88' lang='lat' dir='ltr'>istud</span> <span class='ocrx_word' id='word_1_162' title='bbox 841 4612 947 4661; x_wconf 89' lang='lat' dir='ltr'>autem</span> <span class='ocrx_word' id='word_1_163' title='bbox 980 4598 1194 4681; x_wconf 82' lang='lat' dir='ltr'>juramentum</span> <span class='ocrx_word' id='word_1_164' title='bbox 1228 4600 1295 4662; x_wconf 84' lang='lat' dir='ltr'>fieri</span> <span class='ocrx_word' id='word_1_165' title='bbox 1320 4601 1415 4662; x_wconf 89' lang='lat' dir='ltr'>debet</span> <span class='ocrx_word' id='word_1_166' title='bbox 1440 4599 1518 4661; x_wconf 87' lang='lat' dir='ltr'>leria</span> 
     </span>
     <span class='ocr_line' id='line_1_38' title="bbox 253 4703 1519 4789; baseline 0.002 -24"><span class='ocrx_word' id='word_1_167' title='bbox 253 4720 338 4766; x_wconf 80' lang='lat' dir='ltr'>serra</span> <span class='ocrx_word' id='word_1_168' title='bbox 364 4705 510 4787; x_wconf 86' lang='lat' dir='ltr'>proxima</span> <span class='ocrx_word' id='word_1_169' title='bbox 535 4720 607 4788; x_wconf 89' lang='lat' dir='ltr'>post</span> <span class='ocrx_word' id='word_1_170' title='bbox 624 4703 740 4767; x_wconf 77' lang='lat' dir='ltr'>festum</span> <span class='ocrx_word' id='word_1_171' title='bbox 759 4705 1028 4768; x_wconf 80' lang='lat' dir='ltr'>llesurreccionis.</span> <span class='ocrx_word' id='word_1_172' title='bbox 1053 4706 1175 4768; x_wconf 87' lang='lat' dir='ltr'>ibidem</span> <span class='ocrx_word' id='word_1_173' title='bbox 1193 4709 1287 4769; x_wconf 89' lang='lat' dir='ltr'>ambe</span> <span class='ocrx_word' id='word_1_174' title='bbox 1306 4721 1392 4789; x_wconf 85' lang='lat' dir='ltr'>parte</span> <span class='ocrx_word' id='word_1_175' title='bbox 1409 4707 1519 4789; x_wconf 86' lang='lat' dir='ltr'>appel-</span> 
     </span>
     <span class='ocr_line' id='line_1_39' title="bbox 255 4812 642 4876; baseline 0.005 -3"><span class='ocrx_word' id='word_1_176' title='bbox 255 4812 401 4875; x_wconf 85' lang='lat' dir='ltr'>laverunt</span> <span class='ocrx_word' id='word_1_177' title='bbox 424 4813 464 4873; x_wconf 91' lang='lat' dir='ltr'>ad</span> <span class='ocrx_word' id='word_1_178' title='bbox 489 4812 642 4876; x_wconf 85' lang='lat' dir='ltr'>seniores.</span> 
     </span>
    </p>
   </div>
   <div class='ocr_carea' id='block_1_12' title="bbox 0 0 1778 5264">
    <p class='ocr_par' dir='ltr' id='par_1_13' title="bbox 0 0 1778 5264">
     <span class='ocr_line' id='line_1_40' title="bbox 0 0 1778 5264; baseline 0 0"><span class='ocrx_word' id='word_1_179' title='bbox 0 0 1778 5264; x_wconf 95' lang='lat' dir='ltr'> </span> 
     </span>
    </p>
   </div>
  </div>
 </body>
</html>
