3502 5264
244 305 306 364 206
470 306 557 364 Anno
579 315 666 379 1515.
692 337 732 348 —
757 299 810 364 28.
838 304 958 378 augusti
979 336 1020 346 -
1044 298 1094 364 16.
1118 301 1289 362 novembris.

349 515 427 577 Item
461 529 593 596 quartus
625 515 713 576 testis
744 514 896 576 videlicet
927 513 1078 575 dominus
1110 511 1245 574 Michael
1278 511 1433 594 presbiter
1464 509 1507 571 de

243 621 362 698 Mlalta,
388 623 501 684 citatus
526 636 557 682 ct
573 621 694 702 juratus
719 621 808 698 dixit,
833 620 1013 702 quodcum
1030 634 1163 682 vocatus
1185 618 1295 680 luisset
1311 637 1367 700 per
1383 617 1507 679 dictum

242 729 411 791 dominum
439 727 617 809 Gasparum
643 728 903 809 prebendarium,
937 747 999 788 una
1028 727 1153 788 dierum
1186 739 1297 788 octave
1321 723 1505 787 Nativitatis

243 835 375 897 Domini
390 835 430 896 de
444 853 529 895 anno
553 855 643 914 ¹5¹4·
658 833 697 895 ad
716 834 850 895 domum
868 834 943 895 dicti
961 833 1090 895 Thome
1104 833 1220 895 sutoris
1234 831 1371 894 convivii
1388 829 1507 912 gracia,

244 941 446 1022 presentibus
470 940 690 1022 superioribus
714 940 815 1001 tribus
831 940 975 1018 testibus,
1001 954 1031 1000 et
1055 958 1126 1001 cum
1146 941 1228 1000 bene
1251 938 1314 1019 jam
1340 937 1508 1017 bibissent,

242 1047 346 1108 dictus
372 1046 523 1107 dominus
541 1045 665 1127 Gaspar
682 1046 765 1127 cepit
783 1065 915 1127 querere
937 1047 976 1106 ab
994 1065 1092 1107 uxore
1116 1045 1192 1108 dicti
1210 1044 1339 1106 Thome
1355 1064 1394 1105 an
1414 1043 1509 1104 sciret

242 1172 399 1233 quorsum
424 1153 585 1213 venissent
609 1172 625 1213 e
650 1151 749 1212 domo
781 1172 837 1213 sua
861 1151 951 1213 litere
984 1151 1186 1232 obligatorie,
1209 1170 1289 1232 quas
1312 1151 1380 1233 ipsa
1404 1163 1435 1211 et
1458 1149 1508 1210 vir

243 1259 311 1320 eius
335 1278 431 1340 super
449 1259 584 1340 pecunia
610 1259 682 1319 data
700 1272 796 1339 atque
814 1272 956 1319 mutuata
975 1258 1155 1334 dedissent;
1179 1258 1276 1320 dixit:
1294 1256 1391 1318 habui
1408 1275 1508 1319 unam

241 1384 373 1447 parvam
399 1364 522 1426 clavem
557 1384 619 1445 qua
652 1366 788 1425 reseravi
823 1365 932 1426 cistam
965 1365 1110 1426 Vestram
1136 1378 1167 1426 et
1200 1363 1270 1425 illas
1301 1363 1429 1445 accepi;
1450 1362 1508 1444 qui

241 1472 396 1553 quesivit:
422 1472 476 1533 ubi
503 1484 617 1549 essent,
642 1471 826 1552 respondit:
864 1471 895 1531 in
922 1472 1008 1532 bono
1033 1472 1117 1548 loco,
1150 1490 1215 1532 non
1240 1470 1384 1553 perieot;
1408 1488 1507 1551 quam

241 1578 370 1639 tandem
403 1577 530 1638 blandis
562 1577 667 1637 verbis
699 1577 839 1656 quesivit
870 1592 1025 1657 quantum
1063 1577 1193 1638 deberet
1222 1577 1282 1638 sibi
1315 1576 1381 1658 ipsa
1406 1590 1437 1636 et
1460 1575 1508 1635 vir

242 1684 310 1744 eius
335 1702 393 1765 pro
418 1681 545 1744 edificio
564 1683 691 1761 domus,
716 1703 778 1763 que
801 1682 982 1763 respondit:
1009 1703 1064 1744 cur
1081 1682 1140 1743 hoc
1158 1683 1302 1764 queritis,
1325 1683 1411 1743 scitis
1428 1681 1507 1763 quid

241 1789 359 1851 fecistis
377 1789 455 1850 mihi
474 1809 525 1850 me
551 1789 765 1871 percuciendo
790 1804 821 1850 et
844 1789 1035 1870 prostrando
1060 1789 1091 1849 in
1116 1803 1231 1850 terram
1258 1788 1390 1871 peplum
1416 1801 1508 1849 e‘ca·

244 1896 310 1978 pite
336 1894 495 1972 eiciendo,
521 1895 574 1956 illa
599 1897 730 1956 verbera
757 1914 820 1956 non
854 1895 1075 1956 sustinuissem
1100 1914 1158 1977 pro
1182 1895 1317 1976 pecunia
1342 1893 1407 1971 illa,
1432 1893 1508 1974 quia

245 2014 410 2082 tamquam
436 2000 517 2062 latro
542 2020 612 2062 sum
630 2021 789 2082 percussa,
813 2020 882 2062 sum
901 2002 1001 2061 eciam
1026 2000 1090 2062 filia
1110 2001 1232 2078 Vestra,
1256 2000 1410 2061 tenemini
1428 1999 1507 2060 mihi

241 2108 315 2169 dare
341 2107 408 2189 jure
433 2127 468 2168 ac
501 2107 604 2169 habeo
637 2127 768 2168 omnem
792 2128 882 2190 spem
915 2107 945 2168 in
980 2108 1098 2183 Vobis;
1130 2106 1240 2168 multis
1271 2106 1345 2168 hiuc
1377 2122 1408 2167 et
1432 2106 1508 2167 hinc

240 2214 345 2274 verbis
370 2212 459 2274 factis
483 2213 562 2274 dixit
595 2228 722 2274 centum
745 2228 776 2274 et
800 2214 911 2274 decern
940 2213 1073 2275 ducatos
1097 2233 1130 2275 se
1155 2213 1292 2288 debere:
1317 2231 1413 2294 super
1438 2231 1506 2293 quo

241 2319 345 2381 dictus
369 2319 520 2380 dominus
546 2318 668 2401 Gaspar
691 2320 846 2402 presbiter
871 2321 995 2401 excepit
1024 2339 1124 2381 unum
1149 2319 1318 2381 denarium
1344 2333 1375 2381 et
1399 2320 1506 2382 statim

240 2438 433 2509 protestatus
458 2441 622 2506 tamquam
648 2445 755 2487 coram
782 2426 909 2486 notario
933 2427 1106 2488 autentico.

349 2531 407 2592 lllo
433 2531 484 2591 die
509 2531 644 2592 domino
670 2531 815 2613 Gasparo
834 2533 1009 2613 presbitero
1027 2533 1187 2594 secundus
1209 2533 1365 2595 terminus
1390 2547 1436 2594 est
1453 2533 1507 2593 de·

242 2653 346 2700 cretus
370 2637 409 2698 ad
435 2637 681 2718 producendum
706 2651 801 2698 testes
826 2652 856 2698 et
881 2638 920 2698 ad
945 2640 1125 2720 proximam
1151 2640 1236 2700 diem
1261 2639 1441 2714 juridicam.

350 2743 440 2804 Feria
465 2757 551 2804 sexta
570 2743 601 2803 in
615 2741 756 2824 profesto
771 2744 951 2804 Nativitatis
968 2745 1059 2806 beate
1077 2745 1177 2806 Marie
1197 2745 1340 2826 virginis,
1354 2745 1508 2807 dominus

243 2849 367 2932 Gaspar
384 2849 615 2932 prebendarius
633 2851 664 2910 in
682 2851 747 2910 vim
771 2850 975 2932 probacionis
992 2851 1143 2932 produxit
1165 2852 1271 2912 literas
1287 2852 1507 2933 obligatorias.

350 2955 427 3016 ltem
452 2956 566 3016 eodem
593 2956 644 3016 die
670 2956 822 3036 produxit
853 2957 1072 3017 testimonium
1107 2956 1258 3018 dominus
1283 2957 1407 3039 Gaspar
1430 2978 1506 3041 pru·

245 3062 357 3122 dentes
391 3062 476 3122 viros
511 3062 690 3122 iohannem
728 3061 851 3122 Sodecz
885 3076 916 3123 et
949 3062 1147 3144 Stephanum
1181 3063 1508 3152 sreniparem,·cives

243 3167 536 3248 Montisgrecensis,
561 3168 616 3247 qui
641 3167 843 3227 concorditer
871 3167 1036 3228 dixerunt:
1061 3169 1148 3249 quod
1174 3189 1245 3231 cum
1271 3171 1410 3251 quadam
1435 3172 1506 3232 vice

242 3273 406 3335 habuisset
430 3274 532 3335 dictus
561 3272 723 3333 lohannes
755 3272 881 3334 Zodecz
915 3276 1086 3335 nocitatem
1113 3294 1238 3336 summe
1271 3276 1506 3358 quinquaginta

241 3380 445 3456 ducatorum,
470 3379 525 3460 qui
558 3380 729 3460 accepisset
761 3379 887 3460 pignus,
920 3380 1070 3440 videlicet
1101 3400 1197 3441 unam
1230 3401 1367 3463 cuppam
1391 3403 1505 3464 argen-

241 3500 337 3562 team,
362 3487 477 3546 anulos
501 3505 615 3546 aureos
640 3501 669 3546 et
694 3485 773 3546 alias
797 3505 846 3545 res
873 3501 1038 3565 argenteas
1063 3487 1094 3547 in
1120 3487 1228 3547 valore
1253 3505 1382 3550 centum
1407 3490 1505 3552 duca·

241 3605 360 3668 torum,
384 3591 560 3671 adiensque
586 3591 706 3651 dictum
732 3590 900 3654 dominum
919 3590 1098 3672 Gasparum
1123 3613 1261 3655 unacum
1286 3594 1409 3676 prelato
1434 3597 1504 3658 Ste-

241 3697 349 3779 phano
374 3695 543 3778 frenipare,
568 3716 684 3776 rogans
708 3716 781 3756 eum
807 3712 841 3757 ut
864 3697 923 3756 sibi
949 3697 988 3756 ad
1021 3699 1137 3778 pignus
1162 3700 1242 3761 illud
1267 3701 1505 3783 quinquaginta

243 3803 376 3865 ducatos
402 3817 573 3880 mutuaret,
597 3804 652 3884 qui
678 3803 774 3863 dixit:
808 3818 891 3864 certe
923 3818 998 3864 voto
1024 3819 1129 3866 vestro
1160 3807 1296 3868 libenter
1329 3827 1505 3889 parcerem,

241 3910 297 3971 sed
323 3928 387 3970 uon
412 3927 554 3991 possum,
579 3909 654 3989 quia
679 3908 848 3988 pecuniam
874 3908 962 3969 illam
988 3929 1085 3989 quam
1108 3910 1216 3988 habui,
1249 3913 1379 3975 Thome
1402 3917 1505 3978 sutori

243 4031 348 4077 vestro
372 4017 496 4076 concivi
522 4016 561 4076 ad
587 4013 797 4075 edificandam
835 4014 969 4075 domum
1001 4036 1092 4076 suam
1118 4020 1280 4095 mutuavi,
1305 4039 1372 4100 quo
1402 4041 1507 4084 arcer·

241 4124 314 4200 sito,
339 4121 439 4183 lassus
464 4137 510 4184 est
534 4123 670 4183 domino
696 4120 840 4203 Gasparo
864 4141 897 4181 se
921 4121 1038 4182 debere
1055 4139 1184 4184 centum
1209 4124 1343 4187 ducatos
1366 4128 1418 4188 vel
1440 4141 1508 4191 tres

242 4248 358 4311 pensas
380 4229 581 4290 ducatorum.

349 4333 425 4396 ltem
458 4335 572 4396 eodem
605 4334 657 4394 die
689 4333 839 4415 produxit
874 4332 1093 4393 testimonium
1131 4335 1280 4397 videlicet
1312 4336 1505 4402 Michaelem

241 4437 446 4521 lteniparem,
471 4442 526 4521 qui
552 4440 648 4499 dixit:
674 4458 746 4500 cum
772 4438 911 4519 quadam
936 4437 988 4497 die
1006 4440 1142 4498 venisset
1166 4440 1205 4499 ad
1230 4442 1365 4504 domum
1390 4445 1505 4525 prelati

243 4544 371 4607 Thome
394 4547 522 4621 sutoris,
545 4565 679 4627 querere
703 4546 786 4626 cepit
810 4544 895 4605 unde
924 4543 1055 4604 haberet
1078 4545 1166 4624 quod
1191 4561 1315 4609 tantum
1340 4549 1505 4615 edificium

242 4648 359 4715 iaceret
382 4653 415 4712 in
440 4652 540 4713 domo
563 4666 594 4713 et
618 4651 782 4733 pincerna,
806 4650 862 4730 qui
887 4649 983 4709 dixit:
1017 4649 1169 4712 laudetur
1192 4652 1345 4715 domiuus
1368 4654 1506 4740 Gaspar,

242 4758 298 4842 qui
322 4757 400 4820 mihi
424 4758 595 4840 pecuniam
620 4758 702 4818 banc
726 4756 894 4818 mutuavit.
