3502 5264
627 1328 754 1433 (Anno
782 1330 939 1421 Domini
965 1331 1133 1437 MDXV.)

605 1665 671 1742 (28.
696 1673 878 1743 augusti-
902 1667 950 1728 16.
975 1672 1157 1736 novembris).

822 1863 942 1924 Schedo.

357 2021 456 2082 Accio
482 2021 563 2082 inter
580 2021 804 2083 honorabilem
823 2022 992 2083 dominum
1008 2022 1187 2105 Gasparum
1212 2022 1252 2084 de
1270 2023 1427 2102 Dombro,
1444 2044 1514 2107 pre-

251 2127 441 2188 bendarium
467 2126 553 2188 chori
572 2129 801 2209 zagrabiensis,
817 2144 969 2208 actorem,
995 2144 1025 2191 et
1042 2128 1213 2211 providum
1227 2128 1331 2190 virum
1349 2129 1513 2193 Thomam

249 2247 392 2295 sutorem
416 2234 519 2294 civem
544 2234 681 2294 civitatis
713 2234 1002 2316 Montisgrecensis.

356 2339 442 2400 Reus
466 2340 579 2401 citatus
603 2340 759 2403 sabbatho
792 2356 864 2423 post
897 2341 1013 2403 festum
1042 2342 1261 2405 Bartholomei
1293 2343 1432 2424 apostoli
1456 2364 1514 2426 per

249 2459 390 2508 actorem
415 2446 592 2507 secundum
617 2466 741 2509 morem
770 2448 906 2509 civitatis
938 2447 976 2508 ad
1003 2448 1258 2530 comparendum
1291 2447 1511 2529 adjudicium

248 2550 327 2614 feria
351 2552 448 2614 tercia
473 2552 618 2634 proxima
643 2554 802 2635 sequenti.

801 2773 955 2847 Libellus.

353 2941 445 3003 Feria
470 2941 565 3003 tercia
585 2942 728 3023 proxima
746 2955 818 3002 ante
844 2940 958 3003 festum
978 2942 1202 3003 Decolacionis
1225 2944 1324 3005 sancti
1343 2942 1510 3022 lobannis,

249 3062 354 3129 partes
379 3049 409 3109 in
435 3048 555 3129 judicio
579 3049 790 3129 personaliter
817 3062 1076 3130 comparuerunt,
1108 3063 1214 3110 actore
1239 3049 1369 3111 accione
1394 3052 1506 3111 verba·

246 3153 318 3215 liter
350 3169 562 3236 proponente,
595 3174 657 3236 que
689 3155 762 3215 talis
793 3168 876 3215 erat:
909 3153 1027 3215 Coram
1060 3154 1151 3216 vobis
1183 3154 1413 3236 circumspecto
1437 3156 1508 3217 viro

247 3260 394 3321 Emerico
416 3261 555 3337 literam,
575 3260 732 3340 judicent
751 3261 819 3320 cive
841 3260 976 3320 civitatis
998 3260 1287 3341 Montisgrecensis,
1304 3280 1364 3341 ego
1382 3259 1506 3342 Gaspar

246 3368 401 3448 presbiter
433 3368 662 3450 prebendarius
697 3367 784 3429 chori
817 3365 1042 3446 zagrabiensis,
1076 3381 1181 3442 actor,
1217 3385 1364 3448 propono
1397 3381 1506 3429 contra

246 3473 408 3535 Thomam
434 3488 574 3535 sutorem
593 3474 694 3534 civem
713 3473 849 3534 civitatis
866 3472 970 3550 huius,
985 3471 1151 3552 quomodo
1169 3472 1236 3553 ipse
1254 3471 1330 3533 mibi
1344 3473 1507 3553 obligatur

245 3594 373 3640 centum
406 3595 436 3640 et
460 3580 518 3639 XX
543 3579 612 3641 flor.
638 3578 790 3639 mutuatis
814 3578 874 3638 sibi
899 3577 938 3638 ad
965 3576 1158 3639 edificandas
1191 3576 1306 3638 domos
1331 3578 1362 3639 in
1388 3579 1506 3659 quibus

244 3684 307 3764 jam
334 3685 461 3762 residet,
487 3705 577 3765 quos,
602 3703 677 3766 sepe
703 3683 883 3764 requisitus,
909 3684 939 3743 in
969 3683 1053 3744 hunc
1078 3682 1163 3743 diem
1196 3683 1353 3744 recusavit-
1376 3683 1450 3745 dare
1475 3699 1506 3746 et

244 3790 343 3853 modo
360 3805 499 3867 recusat,
524 3806 598 3872 peto
624 3791 720 3871 igitur
744 3788 885 3851 officium
904 3803 1042 3851 vestrum
1069 3789 1099 3848 in
1123 3788 1181 3850 hac
1205 3804 1292 3867 parte
1318 3790 1505 3871 implorans,

244 3909 278 3956 ut
302 3896 475 3977 compellat
500 3916 572 3957 eum
598 3896 674 3975 juris
696 3895 846 3957 remediis
869 3898 907 3955 ad
933 3894 1148 3956 restituendos
1169 3893 1307 3975 prolatos
1328 3909 1456 3957 centum
1475 3912 1505 3959 et

243 4001 303 4062 XX
329 4000 397 4064 flor.
425 4037 463 4046 —
490 4002 576 4063 Reus
600 4021 676 4062 vero
706 4001 893 4062 immediate
925 4019 980 4081 per
1005 3998 1137 4059 modum
1170 4001 1417 4062 contestationis
1440 4002 1505 4064 litis

243 4107 419 4188 respondit,
445 4108 572 4169 dicens:
599 4107 737 4169 Domine
756 4105 889 4187 Gaspar.
914 4105 1012 4166 Novit
1028 4103 1208 4165 dominatio
1232 4105 1341 4166 Vestra
1367 4106 1504 4186 qualiter

244 4213 415 4294 pecuniam
441 4214 527 4274 illam
555 4215 631 4274 mihi
659 4214 757 4291 dedit,
783 4231 855 4273 nam
882 4230 955 4273 curn
987 4209 1086 4271 filiam
1111 4228 1185 4271 coce
1210 4211 1320 4272 Vestre
1344 4211 1502 4275 ducebam

244 4320 275 4379 in
310 4319 551 4380 matrimonium
584 4320 730 4401 promisit
762 4318 839 4380 mihi
872 4338 928 4379 sua
968 4315 1165 4376 humanitate
1198 4315 1313 4377 domos
1345 4317 1503 4399 edificare,

243 4425 393 4506 quitquid
418 4445 494 4506 ergo
519 4425 661 4501 dedistis,
686 4425 725 4485 ad
750 4424 943 4506 promissum
967 4420 1099 4482 dedistis
1130 4434 1161 4481 et
1183 4421 1280 4501 gratis
1304 4440 1413 4483 amore
1437 4423 1502 4487 filie

248 4549 323 4593 coce
348 4531 460 4592 Vestre
483 4544 514 4592 et
538 4550 595 4612 pro
618 4532 760 4592 serviciis
791 4547 923 4611 quoque
954 4544 1029 4588 coce
1053 4525 1174 4600 Vestre,
1206 4542 1269 4604 que
1294 4525 1359 4586 Vos
1390 4528 1429 4588 ad
1454 4550 1501 4591 se·

245 4636 350 4698 decim
375 4655 476 4697 annos
500 4637 639 4697 servivit.
656 4672 698 4681 -
716 4635 875 4697 Dominus
893 4631 1014 4713 Gaspar
1038 4629 1211 4712 replicans:
1228 4646 1327 4708 quare
1344 4628 1406 4692 boc
1422 4632 1502 4696 dicis

242 4761 315 4804 cum
341 4761 416 4824 sepe
439 4759 548 4803 corant
572 4742 683 4803 multis
705 4739 806 4804 lassus
829 4759 863 4802 es
890 4737 969 4801 mibi
999 4733 1156 4820 prefatam
1178 4750 1339 4796 summam
1362 4740 1499 4820 pecunie
