3502 5264
599 329 798 406 Anno1492.
824 363 864 372 -
888 344 936 389 12.
959 332 1133 404 septembris.

246 544 405 605 Jobannes
428 544 566 605 existens
582 558 698 603 cotunc
721 539 861 604 famulus
884 561 960 602 suus
977 543 1017 602 ab
1034 544 1149 604 eodem
1174 547 1345 628 recepisset
1368 564 1400 613 et
1416 551 1507 614 clan-

245 651 366 712 destine
400 649 595 730 auffugisset,
627 669 722 730 quam
755 668 913 709 summam
946 650 1081 730 pecunie
1114 665 1147 711 ut
1179 651 1320 733 prefatus
1351 654 1508 719 dominus

244 759 423 842 prepositus
454 757 664 839 proponebat,
697 754 821 818 fecisset
852 775 917 837 quo
950 775 1007 816 sue
1039 756 1209 838 placuisset
1241 759 1411 840 voluntati,
1434 763 1507 845 ipse

245 885 319 927 vero
344 865 505 927 lohannes
535 863 719 925 huiusmodi
751 881 910 923 summam
942 877 1124 925 constanter
1157 867 1313 944 negabat;
1342 886 1402 929 nos
1423 888 1506 932 vero

244 971 318 1032 visis
342 970 620 1053 proposicionibus
652 968 793 1051 parcium
818 967 903 1049 juxta
936 969 1202 1031 consvetudinem
1227 986 1333 1033 nostre
1364 973 1506 1038 civitatis

242 1078 348 1140 taliter
371 1076 635 1157 adjudicavimus,
659 1089 693 1136 ut
717 1095 754 1135 ex
778 1094 843 1155 quo
861 1074 927 1156 ipse
951 1074 1103 1136 dominus
1127 1077 1308 1158 prepositus
1332 1078 1505 1144 manifeste

244 1203 308 1246 non
334 1183 517 1267 appellabat
540 1182 655 1261 furem,
670 1183 743 1243 ideo
768 1181 834 1263 ipse
860 1181 1023 1242 Jobannes
1046 1179 1124 1244 feria
1148 1197 1234 1245 sexta
1258 1185 1404 1266 proxima
1430 1203 1506 1269 post

245 1305 373 1352 octavas
408 1289 659 1371 Epiphaniarum
694 1288 824 1349 Domini
858 1287 1232 1369 vigesimusquintusmet
1266 1291 1412 1372 personis
1442 1294 1504 1356 sibi

242 1395 402 1458 similibus
425 1410 479 1457 aut
504 1395 668 1456 nobilibus
692 1394 907 1475 juramentum
932 1394 1037 1455 taliter
1061 1396 1224 1475 deponere
1248 1395 1390 1477 habebit,
1413 1400 1505 1481 quod

243 1505 309 1587 ipse
334 1501 487 1586 prefatam
511 1521 671 1564 summam
695 1499 890 1562 florenorum
915 1519 981 1562 non
1005 1501 1175 1582 recepisset
1199 1520 1304 1584 neque
1329 1503 1360 1564 in
1379 1503 1504 1568 eisdem

243 1610 430 1693 recepcione
471 1609 617 1670 conscius
648 1607 777 1683 suisset;
808 1607 834 1668 si
865 1606 1004 1687 jurabit,
1038 1609 1077 1668 ab
1110 1607 1318 1689 impetitione
1357 1610 1505 1675 eiusdem

242 1717 365 1779 domini
391 1716 543 1797 prepositi
568 1715 650 1776 liber
680 1714 756 1790 erit;
789 1713 843 1775 ubi
867 1715 961 1775 ambe
993 1727 1097 1796 partes
1129 1714 1168 1776 de
1201 1713 1322 1796 judicio
1352 1731 1505 1782 contente

242 1837 324 1886 sunt.
350 1822 551 1884 Adveniente
577 1840 652 1881 vero
680 1821 732 1881 die
764 1819 935 1901 juramenti
966 1818 1106 1902 prefatus
1129 1821 1292 1884 iohannes
1315 1841 1423 1886 coram
1456 1824 1505 1902 iu-

242 1930 366 1991 diceet
390 1929 500 2008 juratis
524 1942 630 1990 nostre
656 1927 792 1989 civitatis
817 1942 912 2008 prout
929 1927 1077 2006 debebat,
1101 1925 1315 2005 juramentum
1341 1948 1414 1991 cum
1431 1950 1504 2012 per-

241 2035 328 2098 sonis
352 2035 517 2097 nobilibus
541 2033 917 2115 vigesimusquintusmet
941 2032 1100 2115 deposuit.
