3502 5264
251 343 291 405 30
622 323 708 382 Anno
731 319 828 402 1484.
853 357 894 366 -
918 337 946 383 1.
970 324 1144 399 septembris.

248 549 411 618 receperat
435 536 501 618 ipse
527 534 641 597 Gallus
665 535 831 619 Kudelycz
852 536 980 597 cuidam
1005 535 1122 597 ancille
1138 535 1292 597 servitrici
1319 533 1432 618 prefati
1450 535 1512 597 Va·

249 643 362 704 lentini
387 641 514 720 sutoria,
538 641 643 723 ipsum
674 641 805 702 vadium
838 642 924 724 apud
951 661 984 703 se
1017 654 1215 720 reservasset,
1250 641 1339 723 quod
1364 659 1429 702 non
1454 639 1511 702 de-

249 748 338 811 derat
355 747 395 810 ad
414 768 527 810 manus
544 747 659 830 judicis
681 767 741 811 nec
757 747 952 827 juratorum3
976 748 1192 829 juramentum
1209 761 1316 809 autern
1337 747 1433 809 habet
1458 747 1513 810 de·

249 874 368 937 ponere
394 854 427 915 in
452 874 506 916 ara
529 867 635 915 sancte
660 853 785 932 Crucis,
806 854 883 917 dum
908 854 1034 934 jurabit,
1051 854 1242 916 Valentinus
1264 866 1353 915 sutor
1377 853 1512 915 convin-

250 975 338 1022 cetur
362 960 394 1021 in
419 960 567 1041 potencia
592 973 702 1022 contra
735 960 840 1042 ipsum
870 958 1001 1022 Gallum
1033 960 1122 1041 quod
1147 960 1178 1020 in
1211 959 1342 1041 proprio
1367 959 1511 1041 dampno

249 1085 306 1127 aeu
330 1064 421 1126 milio
438 1063 579 1146 prelatus
603 1063 717 1128 Gallus
740 1080 902 1148 receperat
926 1066 1057 1127 vadium
1083 1065 1141 1147 ipsi
1159 1065 1287 1142 ancille,
1311 1078 1341 1126 et
1365 1065 1409 1126 sic
1433 1084 1512 1126 con-

250 1172 395 1234 vincetur
420 1171 487 1253 ipae
510 1170 701 1233 Valentinus
724 1172 756 1232 in
782 1173 930 1254 potencia
955 1185 1064 1233 contra
1089 1173 1194 1254 ipsum
1220 1171 1363 1233 Gallum.

359 1278 436 1340 ltem
462 1277 494 1338 in
519 1297 613 1339 causa
638 1277 719 1339 inter
736 1278 944 1339 Valentinum
961 1291 1103 1340 sutorem
1128 1292 1158 1338 et
1179 1276 1311 1339 Gallum
1336 1276 1514 1361 Kudelycz,

252 1384 341 1465 quod
365 1381 479 1446 famuli
504 1383 604 1467 ipsius
619 1384 782 1445 Valentini
808 1385 925 1445 sutoris
944 1385 1152 1446 vadiaverant
1170 1404 1272 1465 equos
1295 1382 1408 1466 prefati
1428 1382 1514 1446 Galli

252 1489 430 1572 Kudelycz,
455 1489 575 1551 habent
598 1488 813 1569 juramentum
847 1491 1008 1572 deponere
1038 1491 1093 1558 sic.
1118 1491 1206 1572 quod
1239 1491 1270 1552 in
1296 1491 1428 1573 proprio
1460 1509 1516 1572 pa·

252 1595 330 1659 bulo
362 1596 461 1678 ipsius
492 1595 655 1658 Valentini
688 1595 884 1678 reperierant
916 1597 1002 1679 ipsos
1035 1616 1156 1678 equos,
1191 1596 1347 1658 solusmet
1378 1595 1517 1677 quilibet

253 1702 416 1784 ipsorum3
439 1702 525 1762 idem
545 1700 659 1763 Gallus
683 1701 848 1763 convictus
872 1699 1002 1765 infacto
1020 1703 1166 1784 potencie
1191 1716 1300 1763 contra
1325 1703 1429 1784 ipsum
1454 1701 1515 1761 Va·

254 1809 425 1887 lentinum,
449 1809 524 1889 quia
550 1808 731 1891 potenciam
761 1809 950 1871 nominabat
983 1808 1107 1889 Gallus,
1139 1810 1282 1870 seniores
1313 1808 1516 1889 adjudicave-

254 1932 328 1979 runt
350 1918 544 2000 supradicta.
