3502 5264
355 699 508 780 Magister
533 700 693 782 Georgius
717 701 847 783 pellifex
865 703 1026 784 obligatur
1051 723 1108 785 pro
1138 703 1221 764 dotis
1246 702 1355 784 pronis
1379 701 1513 763 domino

252 805 424 866 Francisco
445 804 567 867 aurifici
580 825 700 886 genero
717 827 775 868 suo
793 828 865 869 cum
884 807 948 870 filie
963 809 1130 870 Francisce
1149 827 1244 869 uxore
1263 827 1360 869 unam
1374 809 1513 869 vineam.

355 911 431 972 Item
459 912 489 971 in
516 912 704 973 indumenta
731 928 886 994 quantum
913 916 1086 996 requiritur
1111 962 1117 977 .
1144 966 1149 976 .
1177 964 1183 976 .

355 1016 431 1077 ltem
457 1017 619 1098 obligatur
644 1018 712 1081 flor.
739 1019 867 1080 XXXII.

354 1122 430 1183 ltem
456 1143 555 1184 unum
581 1123 696 1185 scilum
722 1140 910 1206 argenteum
936 1125 1004 1189 flor.
1030 1128 1067 1189 X.

354 1230 431 1290 ltem
456 1228 634 1290 choclearia
659 1231 724 1291 duo
749 1232 818 1293 flor.
845 1232 879 1293 ll.

354 1335 444 1397 Ultra
469 1337 558 1397 solus
582 1338 672 1398 dedit
697 1357 792 1398 unam
819 1339 957 1403 vineam.

353 1443 429 1504 ltem
457 1462 553 1504 unam
578 1444 712 1504 domum
737 1444 806 1507 flor.
831 1445 914 1508 XXl.

353 1549 429 1610 ltem
455 1549 668 1631 (inldumenta
693 1565 723 1612 et
748 1565 946 1615 ornamenta.

353 1654 430 1715 ltem
456 1656 643 1737 peccuniam
670 1671 870 1718 numeratam
898 1658 928 1719 in
958 1659 1104 1738 pluribus
1129 1660 1253 1719 vicibus
1276 1659 1344 1720 flor.
1370 1659 1422 1720 xl.

849 1886 903 1952 10.

352 2025 443 2087 Feria
469 2041 554 2088 sexta
580 2029 724 2109 proxima
750 2043 823 2089 ante
847 2028 898 2090 vel
931 2030 962 2090 in
996 2028 1137 2111 profesto
1163 2030 1303 2109 Virginis
1329 2030 1510 2092 benedicte.

246 2131 352 2193 Causa
378 2147 465 2194 mota
490 2148 537 2194 est
561 2135 642 2195 inter
666 2135 866 2195 Anthonium
894 2135 1080 2215 Morgahich
1106 2135 1145 2196 de
1172 2135 1342 2197 Gradchan
1367 2155 1402 2196 ac
1428 2136 1509 2196 inter

245 2238 415 2300 Nicolaum
437 2239 477 2300 de
502 2241 613 2302 eadem
633 2256 786 2322 tanquam
804 2260 906 2303 reum.
930 2242 1093 2302 Predictus
1118 2241 1301 2303 Anthonius
1321 2241 1508 2322 Morgahich

245 2358 332 2406 actor
356 2364 414 2425 pro
439 2360 526 2423 tunc,
545 2347 712 2427 quomodo
729 2348 872 2425 quodam
889 2361 1033 2428 tempore
1053 2349 1213 2429 predictus
1230 2348 1381 2408 Nicolaus
1398 2367 1509 2428 quem-

245 2450 319 2511 dam
345 2450 466 2512 Lucam
492 2465 522 2513 et
548 2451 712 2513 Matheum
739 2454 842 2513 noctis
867 2454 898 2514 in
927 2453 1061 2514 silencio
1088 2455 1191 2534 ipsum
1217 2454 1256 2515 ad
1282 2453 1509 2534 captivandum

244 2558 370 2619 monitu
396 2578 454 2619 suo
479 2559 625 2636 misisset,
650 2560 704 2619 scd
738 2575 768 2620 et
793 2560 894 2621 eciam
920 2559 1081 2641 predictus
1115 2560 1297 2621 Anthonius
1322 2559 1508 2639 Morgahich

244 2664 377 2725 asseruit
410 2685 442 2725 se
474 2684 567 2746 posse
600 2667 811 2745 comprobare
847 2666 979 2727 testibus
1011 2664 1193 2745 fidedignis,
1227 2667 1346 2742 dicens,
1378 2665 1508 2746 quoda

244 2769 394 2832 fratribus
417 2772 544 2832 duobus
562 2772 660 2854 ipsius
686 2772 808 2833 Nicolai
834 2772 872 2832 de
902 2771 1072 2833 Gradchan
1094 2773 1278 2848 audivisset,
1303 2772 1390 2853 quod
1418 2771 1504 2832 idem

244 2877 399 2939 Nicolaus
429 2877 590 2959 predictos
624 2880 742 2939 Lucam
776 2894 806 2939 et
840 2878 1002 2939 Matheum
1029 2880 1165 2939 misisset
1197 2899 1291 2959 super
1327 2878 1506 2960 predictum

244 2981 457 3044 Anthonium.
486 2985 530 3044 Ex
556 2985 674 3064 quibus
699 2986 831 3045 testibus
856 3005 955 3046 unum
986 2985 1128 3066 protulit,
1153 2986 1206 3065 qui
1233 2984 1412 3063 juramento
1437 3003 1507 3065 pre·

244 3090 329 3166 stit0,
355 3090 444 3167 dixit,
470 3090 558 3171 quod
584 3091 649 3170 ipse
676 3091 794 3152 ibidem
829 3090 1034 3168 interfuisset,
1059 3092 1112 3152 ubi
1147 3091 1212 3150 duo
1239 3089 1348 3150 fratres
1373 3090 1506 3170 predicti

244 3195 369 3256 Nicolai
396 3196 604 3276 protulissent
630 3216 668 3257 eo
694 3197 803 3273 mod0,
829 3198 916 3277 quod
943 3198 1008 3278 ipse
1027 3197 1179 3257 Nicolaus
1203 3197 1242 3256 de
1262 3194 1408 3256 Grachan
1434 3214 1506 3276 pro·

244 3302 311 3382 pria
326 3303 505 3363 temeritate
519 3302 679 3384 predictos
698 3303 816 3363 Lucam
836 3317 867 3364 et
891 3302 1054 3364 Matheum
1073 3323 1167 3383 super
1184 3303 1326 3382 predicto
1341 3301 1506 3362 Anthonio

244 3407 432 3487 Morgahich
452 3408 643 3488 captivando
661 3409 806 3469 misisset.
833 3409 894 3469 Pro
912 3410 1024 3469 ceteris
1049 3428 1123 3469 vero
1141 3408 1273 3469 testibus
1299 3421 1506 3486 utrarumque

244 3515 386 3596 parcium
412 3529 626 3596 prorogarunt
659 3534 759 3594 usque
785 3515 824 3574 ad
850 3513 961 3576 feriam
994 3515 1123 3575 terciam
1149 3514 1291 3594 proxime
1330 3526 1504 3572 venturam.

349 3638 440 3699 Feria
473 3639 567 3700 tercia
601 3640 745 3720 proxima
786 3653 858 3699 ante
891 3638 1085 3698 dominicam
1121 3639 1240 3698 Letare.
1285 3635 1388 3696 Causa
1423 3636 1504 3695 inter

244 3743 456 3805 Laurencium
484 3745 635 3805 colonum
662 3746 701 3804 de
728 3746 852 3805 Medwe
878 3760 907 3804 et
932 3744 1013 3803 inter
1044 3742 1235 3822 Gregorium
1261 3740 1430 3821 pellificem
1457 3761 1502 3800 se·

243 3849 367 3909 niorem
391 3849 541 3929 judicem,
568 3851 710 3930 partibus
735 3853 774 3910 ab
802 3851 910 3924 altera,
944 3849 1070 3908 racione
1096 3863 1125 3906 et
1157 3861 1301 3927 pretextu
1328 3846 1502 3907 locacionis

243 3954 408 4014 cuiusdam
435 3955 498 4015 vini
526 3976 581 4037 per
606 3957 726 4016 dictum
748 3954 971 4029 laurencium,
989 3953 1043 4012 ubi
1062 3952 1163 4012 dictus
1183 3951 1377 4010 Laurencius
1394 3951 1503 4011 asserit

242 4059 281 4120 de
306 4061 531 4121 commissione
556 4077 585 4123 et
619 4062 796 4122 annucncia
829 4058 941 4141 prefati
975 4057 1141 4135 Gregorii,
1168 4070 1282 4114 eotunc
1308 4054 1411 4130 judice
1437 4055 1501 4114 exi·

241 4179 353 4243 stente,
388 4167 507 4228 dictum
542 4169 651 4228 vinum
687 4168 716 4228 in
750 4168 876 4227 civitate
902 4164 1006 4225 locare
1038 4177 1068 4221 et
1100 4162 1159 4220 sub
1192 4158 1387 4219 confidencia
1420 4160 1501 4219 eius-

242 4271 316 4332 dem
350 4287 380 4331 et
414 4272 608 4334 admissione
642 4275 716 4334 dicti
752 4271 899 4352 Gregorii
932 4268 1046 4345 judicis
1078 4266 1162 4326 idern
1196 4264 1311 4324 locavit
1343 4262 1500 4343 prefatum

243 4378 374 4453 vinum;
399 4379 503 4439 dictus
528 4400 603 4440 vero
629 4380 806 4459 Gregorius
835 4376 929 4453 judex
954 4373 1014 4433 hoc
1045 4386 1147 4431 totum
1174 4368 1318 4447 negarim
1346 4369 1429 4427 unde
1455 4370 1501 4448 ju-

242 4484 300 4545 rati
326 4483 561 4561 adjudicarunt,
589 4506 624 4546 ex
651 4505 715 4566 quo
734 4486 836 4544 dictus
861 4478 1035 4559 Gregorius
1053 4475 1145 4553 judex
1164 4473 1374 4532 annucnciam
1393 4473 1499 4534 huius·

247 4588 334 4651 modi
360 4590 498 4669 negavit,
525 4590 597 4652 ideo
632 4592 715 4652 idem
752 4588 927 4669 Gregorius
958 4584 1052 4661 judex
1076 4580 1177 4661 prima
1211 4577 1287 4637 leria
1312 4593 1394 4638 sexta
1429 4595 1501 4659 post

245 4695 442 4756 dominicam
475 4695 576 4768 Quasi
601 4699 699 4758 modo
730 4696 829 4777 geniti
855 4695 887 4754 in
923 4688 1012 4753 altari
1044 4700 1150 4748 sancte
1176 4682 1288 4744 Crucis
1319 4683 1419 4757 jurare
1445 4686 1498 4744 de·

249 4800 338 4862 bebit
361 4800 449 4881 quod
464 4801 549 4862 idem
567 4820 631 4864 non
649 4801 829 4864 admisisset
844 4798 964 4859 dictum
981 4794 1092 4854 vinum
1109 4789 1232 4861 locare;
1255 4786 1279 4845 si
1304 4805 1380 4847 vero
1397 4788 1499 4850 dictus
