3502 5264
247 344 306 426 158
623 345 710 405 Am
728 344 821 420 1506.
842 377 889 389 -
902 359 958 422 30.
973 341 1126 425 janwrti.

242 557 376 620 cacione
400 555 578 638 juratorum
596 553 872 638 adjudicaverunt,
896 556 985 638 quod
1009 556 1078 639 ipse
1094 555 1273 638 Gregorius
1295 570 1385 619 sutor
1400 572 1515 621 contra

243 664 382 727 eundem
408 663 587 725 iohannem
613 661 700 740 juxta
724 662 888 724 decretum
913 661 1051 724 civitatis
1080 660 1193 724 fuisset
1216 663 1382 725 convictus
1405 663 1439 725 in
1463 662 1513 726 vi·

241 771 323 853 ginti
346 770 492 853 quinque
516 769 624 851 pensis
655 769 861 831 denariorum
894 783 1025 851 propter
1059 769 1334 849 vulneracionem‚
1365 783 1509 833 attamen

242 897 282 940 cx
304 896 370 959 quo
387 876 455 959 ipse
479 873 643 938 Johannea
667 873 811 937 literatus
830 875 992 937 obiciebat
1015 874 1075 937 sibi
1099 875 1189 957 quod
1206 888 1287 938 esset
1310 875 1384 937 talis
1405 875 1509 939 homo

242 983 335 1047 sicuti
353 982 420 1066 ipse
437 994 468 1045 et
490 981 675 1061 insultabat,
698 995 828 1064 propter
849 981 909 1043 boc
927 981 1133 1044 medietatem
1155 981 1307 1044 videlicet
1330 981 1505 1045 duodecim

242 1102 275 1151 ct
303 1089 445 1151 mediam
477 1107 592 1170 pensas
622 1087 828 1150 denariorum
860 1087 985 1150 solvere
1018 1088 1123 1168 debet,
1155 1100 1187 1150 et
1217 1088 1303 1150 idem
1329 1086 1509 1169 Gregorius

242 1194 369 1256 medico
393 1193 452 1256 lesi
476 1191 667 1271 satisfaciam
691 1193 746 1255 ubi
770 1209 878 1255 autem
903 1194 1043 1256 eundem
1077 1195 1233 1276 percussit
1257 1194 1290 1256 in
1314 1192 1508 1258 consistorio

242 1301 342 1363 iibere
356 1301 504 1380 civitatis,
520 1300 687 1363 convictus
703 1314 750 1362 eat
770 1315 880 1363 contra
902 1315 1003 1363 totam
1021 1302 1286 1365 communitatem
1303 1321 1376 1364 cum
1394 1301 1509 1365 eadem

244 1427 342 1469 manu
367 1427 430 1490 qua
454 1407 609 1490 percussit
633 1407 785 1487 eundem,
809 1407 906 1487 judici
933 1409 1065 1470 veroin
1095 1408 1235 1491 birsagio
1260 1410 1407 1492 quinque
1431 1428 1511 1492 pen·

242 1533 349 1575 sarum
374 1513 601 1591 denariorum3
625 1513 665 1575 de
690 1533 757 1596 quo
780 1513 901 1595 judicio
926 1517 1019 1577 ambe
1043 1528 1149 1597 partes
1172 1529 1246 1578 aunt
1270 1528 1431 1580 contente.

496 1749 591 1823 Faria
620 1761 719 1822 sexta
748 1760 826 1823 ante
859 1749 1113 1824 Purificacionis
1143 1753 1257 1826 Mario.

746 1921 813 2000 (30.
829 1923 998 2003 januam).

349 2080 495 2143 Thomas
528 2078 688 2142 Mezarich
717 2080 757 2142 ad
789 2081 977 2143 instanciam
1012 2081 1154 2143 Simonis
1187 2080 1342 2144 Horwath
1366 2079 1510 2143 secundo

242 2187 356 2248 citatus
381 2207 446 2249 non
472 2187 662 2269 comparuit.

350 2294 476 2355 Eodem
502 2294 553 2355 die
579 2292 739 2374 Georgius
762 2292 904 2355 Thozthi
928 2293 969 2355 de
985 2293 1140 2356 suburbio
1165 2293 1302 2356 civitatis
1325 2293 1365 2354 ad
1389 2292 1509 2356 instan-

243 2400 325 2462 ciam
351 2400 472 2463 Mathie
497 2400 640 2462 Kowach
664 2400 807 2462 secundo
832 2401 947 2462 citatus
970 2419 1036 2461 non
1061 2400 1251 2482 comparuit.
