3502 5264
645 348 732 404 Anno
755 342 846 423 14'95.
866 378 910 388 -
933 359 982 404 12.
1005 346 1086 407 maii.

241 558 363 639 Gaspar
387 558 526 620 eundem
545 558 713 618 Albertum
739 557 841 639 capite
859 556 995 618 detineri
1014 555 1150 636 fecisset,
1176 572 1207 620 et
1223 557 1301 618 dum
1326 575 1421 618 causa
1438 576 1509 639 pre·

244 665 327 726 dicta
352 683 459 727 coram
485 664 577 726 nobis
602 665 853 745 proponebatur,
868 662 992 745 Gaspar
1009 662 1150 745 prelatus
1174 664 1313 725 eundem
1338 663 1509 726 Albertum

240 770 412 832 honoravit
436 790 491 851 per
509 768 632 851 hecque
656 770 793 831 liberum
812 770 849 829 de
868 770 1094 852 propositione
1118 789 1174 832 sua
1192 771 1379 849 extramisit,
1397 783 1508 832 contra

245 878 345 960 ipsius
368 877 492 938 Alberti
519 896 649 938 uxorem
683 878 848 939 dumtaxat
872 897 960 938 suam
995 877 1255 959 proposicionem
1281 895 1388 938 coram
1415 876 1510 938 nobis

243 983 423 1061 refferebat,
448 983 521 1044 ideo
554 984 620 1064 ipse
642 982 765 1064 Gaspar
795 982 942 1044 similiter
974 985 1005 1043 in
1034 983 1187 1064 homagio
1220 983 1294 1044 vivo
1318 982 1425 1044 eidem
1449 982 1507 1045 Al·

245 1093 335 1151 berto
360 1090 524 1150 convictus
541 1104 597 1166 est,
622 1109 661 1151 ex
685 1109 750 1171 quo
768 1091 906 1150 eundern
932 1090 1100 1150 Albertum
1118 1090 1220 1171 capite
1240 1108 1298 1151 suo
1324 1089 1507 1151 detinuerat

242 1210 274 1256 et
306 1196 441 1277 probare
474 1214 537 1255 uon
571 1208 694 1275 poterat
726 1195 911 1256 huiusmodi
944 1195 1114 1276 capitalem
1146 1215 1236 1257 suam
1270 1195 1510 1274 detentionem,

243 1320 338 1383 quem
364 1320 470 1362 coram
496 1301 599 1378 nobis,
624 1315 658 1361 ut
682 1302 873 1382 premissum
899 1316 956 1379 est,
974 1302 1013 1362 de
1038 1322 1094 1363 sua
1120 1301 1345 1384 propositione
1371 1301 1510 1363 liberum

243 1407 434 1482 extramisit;
460 1406 514 1467 ubi
541 1406 681 1488 prefatus
706 1406 830 1486 Gaspar
854 1408 894 1470 de
920 1406 1104 1469 huiusmodi
1128 1408 1248 1488 judicio
1274 1410 1437 1469 seniorum
1462 1407 1511 1487 ju·

242 1513 350 1574 dicum
374 1527 544 1574 contentus
567 1527 624 1590 est,
649 1513 753 1574 solum
779 1514 810 1573 in
837 1512 920 1574 sacto
938 1513 1080 1594 homagii
1105 1514 1168 1575 vivi
1187 1514 1362 1596 appellavit
1386 1513 1425 1574 ad
1444 1532 1512 1574 ma·

242 1621 376 1701 gistrum
402 1620 683 1695 tharvernicorum,
709 1621 840 1701 ipseque
876 1621 976 1681 eciam
1002 1621 1153 1681 Albertus
1185 1621 1216 1681 in
1243 1640 1377 1702 persona
1402 1622 1513 1682 uxoris

242 1746 297 1787 sue
323 1725 353 1787 in
387 1724 470 1786 facto
494 1724 664 1806 juramenti
698 1727 872 1807 appellavit
903 1726 1051 1787 similiter
1083 1746 1211 1787 causam
1249 1727 1287 1788 ad
1321 1727 1510 1807 magistrum

242 1832 524 1894 thawernicorum.

242 2084 338 2156 Feria
369 2089 474 2156 tercia
505 2089 657 2174 proxima
687 2095 761 2173 post
800 2086 920 2156 testum
951 2086 1185 2174 Apparicionis
1214 2085 1303 2158 beati
1333 2088 1508 2158 Michaelis

772 2212 977 2298 archangeli.

784 2388 846 2452 (12.
871 2384 964 2457 artari).

351 2541 456 2602 Causa
482 2541 563 2602 inter
589 2541 802 2601 Laurentium
829 2541 947 2622 Sporar
972 2556 1004 2602 ut
1023 2557 1161 2603 actorem
1188 2562 1223 2603 ac
1250 2543 1392 2603 lrvanum
1419 2543 1508 2604 insti·

239 2662 346 2709 torem
372 2661 403 2708 et
427 2646 569 2708 relictam
595 2647 722 2724 Jelicza,
748 2648 861 2708 citacio
890 2649 1039 2709 secunda.

350 2788 427 2849 ltem
453 2789 484 2849 in
503 2808 596 2849 causa
614 2788 727 2849 Vrsule
752 2787 816 2849 filie
841 2790 977 2850 condam
998 2788 1151 2870 Stephani
1171 2790 1210 2850 de
1229 2791 1343 2851 Noualr
1363 2792 1394 2851 in
1414 2791 1508 2872 perti·

245 2895 366 2956 nenciis
391 2896 549 2955 Zamahor
574 2909 683 2956 contra
710 2894 886 2974 Georgium
905 2894 1006 2955 lilium
1026 2896 1135 2956 Jacohi
1162 2897 1239 2957 civis
1256 2899 1295 2957 de
1323 2897 1508 2978 Bohgason-

245 3001 327 3063 lalva
354 3002 385 3062 in
411 3003 565 3062 comitatu
592 3002 760 3063 Bachiensi
787 3003 817 3061 in
848 3001 931 3062 facto
965 3001 1155 3062 violacionis
1179 3022 1234 3063 seu
1260 3005 1391 3083 rabptus
1414 3023 1510 3085 super

246 3108 381 3170 eandem
400 3107 547 3169 Vrsulam
574 3109 713 3188 puellam
730 3106 821 3184 lactc,
839 3108 913 3188 quia
932 3108 998 3188 ipse
1013 3106 1173 3186 Georgius
1190 3109 1326 3169 existens
1345 3110 1374 3169 in
1394 3130 1509 3190 campo

245 3215 274 3275 in
301 3214 460 3275 territorio
485 3214 567 3274 dicte
600 3213 735 3273 civitatis
768 3214 868 3294 ipsam
901 3212 1049 3272 Vrsulam
1085 3227 1300 3275 transeuntem
1336 3234 1391 3295 per
1423 3215 1507 3275 viam

243 3320 405 3402 publicam
437 3320 540 3400 rapuit
573 3334 602 3380 et
627 3339 699 3379 cum
733 3322 930 3380 vascimento
955 3320 1066 3392 linte0,
1096 3321 1183 3399 quod
1212 3341 1307 3401 super
1340 3342 1371 3380 se
1398 3321 1508 3382 hahuit

245 3426 356 3487 eadem
383 3426 507 3502 Vrsula,
532 3440 626 3506 caput
651 3440 682 3486 et
706 3427 813 3485 colum
840 3427 950 3504 ligavit
974 3441 1004 3485 et
1030 3427 1165 3487 involvit
1189 3427 1298 3507 sicque
1324 3427 1363 3487 ad
1389 3443 1505 3488 terram

245 3532 378 3614 projecit
403 3546 434 3592 et
458 3533 590 3592 violavit
615 3531 847 3612 potencialiter,
872 3532 958 3613 quod
985 3533 1050 3613 ipse
1069 3534 1189 3613 pluries
1214 3534 1347 3611 juridice
1374 3536 1505 3595 interro·

242 3653 335 3720 gatus
358 3657 422 3698 non
455 3638 594 3717 negavit,
618 3651 725 3698 tamen
758 3639 836 3700 dixit
868 3639 955 3719 quod
989 3639 1054 3720 ipsa
1089 3641 1258 3720 pecuniam
1292 3642 1452 3720 petivisset
1478 3657 1508 3702 et

244 3744 310 3825 ipse
336 3744 474 3804 dedisset
499 3744 526 3804 ei
554 3763 652 3804 unum
679 3760 837 3821 ortonem,
861 3745 926 3826 ipsa
951 3760 1057 3806 autem
1078 3746 1190 3806 Vrsula
1217 3747 1299 3807 istud
1325 3762 1507 3808 constanter

244 3851 382 3931 negavit,
407 3850 494 3930 quod
520 3851 587 3931 ipsa
612 3869 669 3910 nec
694 3851 806 3931 petivit
831 3871 888 3912 nec
913 3852 1037 3932 rogavit
1070 3873 1173 3933 neque
1199 3855 1335 3935 reecpit,
1362 3854 1435 3914 ideo
1460 3855 1506 3933 ju·

243 3956 301 4018 rati
326 3955 601 4033 adjudicaverunt,
634 3957 721 4037 quod
757 3955 877 4037 prefata
912 3957 1023 4018 Vrsula
1057 3960 1222 4021 terciamet
1255 3961 1369 4021 debeat
1403 3960 1506 4039 jurare

243 4081 338 4143 super
361 4075 456 4143 caput
481 4061 555 4122 dicti
582 4061 713 4141 Georgii
740 4064 820 4123 circa
845 4064 1004 4140 eculeum,
1037 4064 1124 4144 quod
1152 4066 1217 4146 ipsa
1244 4065 1356 4125 l'rsula
1383 4065 1505 4126 nullam

244 4167 413 4249 pecuniam
439 4168 549 4246 petivit
574 4169 613 4227 ab
638 4187 677 4228 eo
711 4189 814 4249 neque
840 4170 969 4250 recepit,
1002 4171 1056 4229 sed
1082 4171 1148 4251 ipse
1174 4171 1258 4231 idem
1285 4187 1328 4231 est
1355 4173 1409 4251 qui
1437 4191 1505 4231 cam

245 4273 467 4354 potencialiter
492 4274 596 4354 rapuit
621 4288 651 4335 et
669 4275 812 4350 violavit,
838 4274 1056 4354 conjuratores
1081 4296 1157 4336 vero
1180 4297 1236 4337 sue
1261 4293 1332 4358 post
1364 4296 1434 4337 eam
1461 4277 1506 4354 ju·

245 4381 369 4456 rabunt,
395 4380 482 4461 quod
508 4381 574 4462 ipsa
600 4379 679 4459 juste
704 4381 873 4458 juravit,et
893 4396 1062 4463 postquam
1088 4383 1200 4444 eadem
1228 4385 1340 4444 Vrsula
1357 4385 1397 4446 ita
1423 4384 1504 4463 jura-

245 4487 325 4548 verit
348 4486 434 4547 dicto
467 4486 609 4568 Georgio
632 4486 752 4549 ibidem
789 4489 871 4549 circa
904 4488 1051 4548 eculeum
1085 4503 1178 4570 caput
1209 4491 1443 4571 amputabitur;
1478 4504 1507 4550 et

243 4592 375 4654 tandem
400 4592 577 4654 secundum
609 4591 886 4673 adjudicationem
919 4592 1094 4671 iuratorum
1127 4590 1247 4675 prefata
1272 4595 1387 4656 Vrsula
1412 4615 1506 4678 super

245 4697 367 4761 dicturo
385 4696 563 4781 Georgium
580 4698 712 4761 terciase
735 4698 861 4779 juravit,
877 4711 949 4779 post
962 4697 1147 4760 huiusmodi
1165 4698 1380 4780 juramentum
1405 4714 1507 4763 tortor

245 4803 307 4868 sibi
331 4818 426 4889 caput
452 4805 641 4890 amputavit.
