3502 5264
246 336 302 397 128
614 336 814 409 Ann01500.
838 367 881 377 —
906 345 952 410 17.
969 335 1119 410 januarii.

241 549 369 632 plebani
394 549 494 610 sancti
511 546 679 624 Anthonii,
704 545 797 627 jurati
815 543 1081 626 adjudicaverunt
1104 544 1190 627 juxta
1215 565 1307 607 suam
1333 543 1512 606 iussionem

240 670 272 719 et
294 655 358 718 tale
383 654 590 737 nephandutn
616 654 737 715 crimen
761 666 792 714 et
815 651 919 713 scelus
938 670 975 712 ac
999 664 1180 734 peccatum,
1205 651 1293 732 quod
1318 649 1396 713 feria
1420 664 1512 712 sexta

240 761 385 844 proxime
409 776 544 823 ventura
569 761 599 821 in
633 777 750 842 aquam
776 757 876 841 proici
908 759 1024 819 debeat
1057 773 1088 820 et
1111 758 1166 819 tali
1200 771 1303 820 morte
1329 757 1410 819 mori
1435 757 1514 819 licet

241 884 381 931 meretur
405 886 521 950 penam
546 867 642 928 aliam
667 865 724 927 aed
745 878 874 947 propter
898 864 1066 926 lenitatem
1082 864 1336 926 misericordiam
1362 862 1512 926 fecerunt

242 989 276 1037 ut
300 974 416 1037 debeat
439 973 623 1054 submergi3
648 991 712 1053 que
743 972 873 1034 tandem
903 991 942 1033 eo
975 971 1025 1033 die
1050 971 1091 1032 ad
1115 971 1224 1033 locum
1255 971 1311 1032 ubi
1343 970 1512 1051 submergi

241 1081 379 1143 debebat
403 1079 539 1142 deducta
564 1094 620 1157 est,
649 1098 746 1160 quam
781 1078 931 1159 magister
962 1077 1154 1140 Valentinus
1177 1090 1280 1138 tortor
1312 1077 1409 1139 huius
1432 1076 1512 1138 civi·

242 1188 316 1249 tatis
340 1186 462 1249 ibidem
495 1204 553 1269 pro
578 1204 677 1246 uxore
709 1184 817 1267 peciit,
850 1203 913 1265 que
945 1184 1005 1246 sibi
1031 1185 1063 1245 in
1089 1185 1162 1246 loco
1192 1184 1304 1245 mortis
1328 1203 1387 1265 pro
1409 1201 1513 1244 uxore

242 1293 315 1357 data
340 1309 397 1357 est.

402 1525 498 1605 Paria
526 1533 624 1604 sexta
654 1524 687 1602 iu
716 1530 803 1603 festo
831 1522 922 1601 beati
951 1522 1111 1601 turnonii
1142 1521 1359 1601 confessoris.

646 1696 709 1761 (17.
726 1684 880 1760 junuarii.
903 1703 973 1744 nnn.
999 1683 1102 1758 1500).

351 1827 458 1889 Causa
483 1827 565 1888 inter
589 1824 751 1887 Andream
784 1824 967 1886 carnificem
1001 1839 1032 1885 et
1057 1823 1252 1905 Gregorium
1284 1825 1446 1884 literatum
1472 1843 1513 1884 ex

245 1949 336 2018 parte
361 1933 577 2015 percussionis
601 1933 709 1993 uxoris
733 1933 833 2013 ipsius
857 1932 985 1993 Andree
1010 1951 1066 2012 per
1089 1933 1229 1992 eundem
1256 1930 1452 2012 Gregorium
1478 1931 1511 1990 iu

245 2043 346 2103 domo
369 2060 425 2101 sua
450 2054 685 2121 perpetratum,
709 2054 805 2120 prout
836 2039 921 2099 idem
947 2039 1094 2099 Andreas
1117 2058 1190 2099 crm
1222 2037 1394 2099 sufficienti
1425 2038 1513 2098 testi·

244 2147 356 2207 monio
379 2146 614 2226 comprobavit,
637 2144 726 2225 quod
750 2163 821 2205 eam
839 2164 907 2205 esse
931 2147 1129 2205 verberatam
1147 2159 1179 2205 et
1195 2163 1391 2226 percussam,
1415 2143 1510 2217 jurati

243 2252 522 2325 adiudicaterunt,
545 2251 634 2333 quod
659 2251 727 2332 ipse
751 2249 893 2332 prefatus
910 2249 1088 2331 Gregorius
1111 2266 1222 2312 contra
1239 2269 1371 2311 uxorem
1397 2245 1512 2330 prefati

245 2359 374 2419 :inisse
399 2358 566 2419 coni-ictus
588 2374 634 2417 est
669 2357 701 2418 in
726 2356 838 2418 decem
863 2358 971 2439 pensis
1001 2357 1221 2429 denariorum,
1245 2357 1355 2431 iuratis
1378 2365 1454 2417 ver'o
1479 2357 1512 2416 in

244 2478 375 2526 centurn
399 2464 560 2533 denariis;
583 2463 747 2546 predictus
763 2461 941 2544 Gregorius
964 2465 1110 2526 literatus
1134 2484 1199 2526 non
1216 2480 1386 2525 contentus
1401 2462 1515 2545 appel·

244 2553 321 2615 iat-it
344 2551 385 2613 ad
410 2553 562 2613 seniores.

349 2659 456 2721 Causa
481 2659 564 2720 inter
580 2659 725 2719 Marcum
747 2658 911 2720 literatum
929 2675 960 2720 et
976 2679 1103 2721 sorores
1118 2680 1192 2721 suas
1215 2660 1356 2742 prolium
1373 2657 1512 2719 condam

246 2764 414 2834 Vaticana.
437 2767 479 2826 ab
503 2783 579 2833 una,
601 2780 637 2826 ut
661 2779 795 2831 actores.
819 2780 850 2826 et
874 2765 1009 2827 Elenam
1035 2785 1169 2828 uxorem
1186 2766 1320 2847 Georgii
1345 2763 1515 2841 carnificis,

246 2872 301 2931 ubi
328 2871 396 2952 ipse
417 2871 544 2932 Marcus
560 2872 688 2931 dicebat
711 2886 742 2931 et
759 2871 856 2932 vellet
873 2874 1010 2952 probare
1025 2873 1212 2934 testimonio
1228 2873 1406 2933 multorum
1423 2869 1515 2950 quod

247 2978 314 3057 ipsa
339 2978 471 3038 baberet
495 2992 579 3039 certa
604 2980 690 3038 bona
708 2977 818 3038 matris
837 2978 1026 3039 eorumdem
1045 2979 1194 3040 videlicet
1223 2979 1385 3060 pecunias,
1410 2992 1516 3038 vestes

246 3098 277 3143 et
301 3082 427 3143 utrem
452 3083 599 3144 clenodia
624 3082 753 3153 domus,
777 3083 945 3163 inquibus
969 3100 1015 3145 es:
1039 3086 1133 3145 datus
1148 3086 1306 3145 terminus
1328 3084 1369 3144 ad
1393 3082 1516 3164 produ·

246 3188 386 3249 cendum
403 3188 635 3253 testimonium.
653 3188 709 3248 ubi
727 3190 898 3249 examinati
916 3191 1148 3271 quamplurimi
1165 3205 1262 3251 testes
1274 3191 1306 3251 in
1323 3189 1515 3250 eurumdem

247 3298 385 3373 negocio
411 3296 521 3355 nulius
544 3313 656 3354 eorum
673 3296 823 3355 conscius
845 3310 892 3356 est
915 3296 1066 3377 quitquid
1084 3297 1124 3356 te
1149 3298 1209 3356 ntis
1225 3316 1288 3377 que
1312 3311 1422 3356 contra
1439 3314 1517 3355 ean·

248 3402 322 3461 dena
347 3404 560 3481 promanabat.
584 3400 690 3460 solum
715 3402 835 3461 conscii
859 3416 933 3462 sunt
956 3402 997 3462 o'e
1029 3403 1169 3482 quadem
1198 3422 1307 3462 mensa
1333 3417 1364 3462 et
1387 3401 1518 3462 duobus

248 3506 353 3567 „inies
377 3525 439 3587 que
465 3506 594 3566 inerunt
628 3507 738 3567 matris
769 3508 970 3575 statuariam,
999 3508 1092 3567 iurat:
1124 3504 1401 3573 ai'udicarerunt.
1425 3506 1516 3588 quod

248 3628 370 3693 poetata
397 3612 497 3674 bssiena
521 3632 601 3672 naor
624 3612 702 3672 dtcti
720 3611 869 3693 Gregorii
892 3614 988 3674 debat
1004 3616 1064 3673 sini
1090 3615 1224 3675 resuere
1250 3616 1351 3693 insana
1368 3632 1516 3674 menum

249 3732 280 3778 et
304 3718 411 3784 solea,
435 3737 474 3779 ne
499 3720 571 3778 aliis
594 3738 671 3778 tero
688 3738 855 3799 nunquam
877 3720 944 3800 {gase
963 3721 1089 3780 Marcus
1112 3739 1185 3780 cum
1202 3726 1368 3780 aesonius
1389 3720 1457 3780 suis
1472 3722 1518 3780 ob

250 3826 331 3884 banc
356 3843 484 3885 causant
510 3841 664 3906 inspexere
690 3828 805 3887 aebeat
830 3844 888 3886 nes
911 3826 951 3885 si:
975 3845 1081 3887 ausus
