<?xml version="1.0" encoding="UTF-8"?>
<!DOCTYPE html PUBLIC "-//W3C//DTD XHTML 1.0 Transitional//EN"
    "http://www.w3.org/TR/xhtml1/DTD/xhtml1-transitional.dtd">
<html xmlns="http://www.w3.org/1999/xhtml" xml:lang="en" lang="en">
 <head>
  <title>
</title>
<meta http-equiv="Content-Type" content="text/html;charset=utf-8" />
  <meta name='ocr-system' content='tesseract 3.04.00' />
  <meta name='ocr-capabilities' content='ocr_page ocr_carea ocr_par ocr_line ocrx_word'/>
</head>
<body>
  <div class='ocr_page' id='page_1' title='image "./monumentahistor03laszgoog_0085.png"; bbox 0 0 3502 5264; ppageno 0'>
   <div class='ocr_carea' id='block_1_1' title="bbox 613 320 1126 407">
    <p class='ocr_par' dir='ltr' id='par_1_1' title="bbox 613 320 1126 407">
     <span class='ocr_line' id='line_1_1' title="bbox 613 320 1126 407; baseline 0.01 -23"><span class='ocrx_word' id='word_1_1' title='bbox 613 320 814 403; x_wconf 79' lang='lat' dir='ltr'>Ann01487.</span> <span class='ocrx_word' id='word_1_2' title='bbox 841 360 881 369; x_wconf 95' lang='lat'>—</span> <span class='ocrx_word' id='word_1_3' title='bbox 906 341 959 406; x_wconf 85' lang='lat'>19.</span> <span class='ocrx_word' id='word_1_4' title='bbox 974 324 1126 407; x_wconf 68' lang='lat' dir='ltr'>senuarir&#39;.</span> 
     </span>
    </p>
   </div>
   <div class='ocr_carea' id='block_1_2' title="bbox 242 539 1509 2324">
    <p class='ocr_par' dir='ltr' id='par_1_2' title="bbox 242 539 1509 2324">
     <span class='ocr_line' id='line_1_2' title="bbox 350 539 1506 622; baseline 0.004 -23"><span class='ocrx_word' id='word_1_5' title='bbox 350 540 425 600; x_wconf 91' lang='lat' dir='ltr'>ltem</span> <span class='ocrx_word' id='word_1_6' title='bbox 451 542 583 602; x_wconf 87' lang='lat' dir='ltr'>sabbato</span> <span class='ocrx_word' id='word_1_7' title='bbox 609 539 756 622; x_wconf 87' lang='lat' dir='ltr'>proximo</span> <span class='ocrx_word' id='word_1_8' title='bbox 781 553 853 621; x_wconf 89' lang='lat' dir='ltr'>post</span> <span class='ocrx_word' id='word_1_9' title='bbox 877 539 991 602; x_wconf 86' lang='lat' dir='ltr'>festum</span> <span class='ocrx_word' id='word_1_10' title='bbox 1008 541 1224 604; x_wconf 83' lang='lat' dir='ltr'>Exaltacionis</span> <span class='ocrx_word' id='word_1_11' title='bbox 1248 557 1355 604; x_wconf 91' lang='lat' dir='ltr'>sancte</span> <span class='ocrx_word' id='word_1_12' title='bbox 1381 542 1506 620; x_wconf 82' lang='lat' dir='ltr'>Crucis,</span> 
     </span>
     <span class='ocr_line' id='line_1_3' title="bbox 243 647 1509 730; baseline 0.005 -24"><span class='ocrx_word' id='word_1_13' title='bbox 243 666 336 707; x_wconf 89' lang='lat' dir='ltr'>causa</span> <span class='ocrx_word' id='word_1_14' title='bbox 363 648 446 709; x_wconf 91' lang='lat' dir='ltr'>inter</span> <span class='ocrx_word' id='word_1_15' title='bbox 469 647 641 728; x_wconf 84' lang='lat' dir='ltr'>providum</span> <span class='ocrx_word' id='word_1_16' title='bbox 667 647 871 708; x_wconf 86' lang='lat' dir='ltr'>Domkonem</span> <span class='ocrx_word' id='word_1_17' title='bbox 898 648 1068 730; x_wconf 86' lang='lat' dir='ltr'>Perowycz</span> <span class='ocrx_word' id='word_1_18' title='bbox 1087 662 1122 711; x_wconf 93' lang='lat' dir='ltr'>ut</span> <span class='ocrx_word' id='word_1_19' title='bbox 1147 663 1298 727; x_wconf 89' lang='lat' dir='ltr'>actorem,</span> <span class='ocrx_word' id='word_1_20' title='bbox 1323 652 1362 711; x_wconf 91' lang='lat' dir='ltr'>ab</span> <span class='ocrx_word' id='word_1_21' title='bbox 1388 669 1462 728; x_wconf 91' lang='lat' dir='ltr'>una,</span> <span class='ocrx_word' id='word_1_22' title='bbox 1479 664 1509 712; x_wconf 89' lang='lat' dir='ltr'>et</span> 
     </span>
     <span class='ocr_line' id='line_1_4' title="bbox 244 751 1508 838; baseline 0.006 -27"><span class='ocrx_word' id='word_1_23' title='bbox 244 751 409 813; x_wconf 89' lang='lat' dir='ltr'>dominam</span> <span class='ocrx_word' id='word_1_24' title='bbox 436 757 563 812; x_wconf 81' lang='lat' dir='ltr'>Annam</span> <span class='ocrx_word' id='word_1_25' title='bbox 591 753 732 814; x_wconf 88' lang='lat' dir='ltr'>relictam</span> <span class='ocrx_word' id='word_1_26' title='bbox 759 752 894 814; x_wconf 90' lang='lat' dir='ltr'>condam</span> <span class='ocrx_word' id='word_1_27' title='bbox 916 752 1071 814; x_wconf 86' lang='lat' dir='ltr'>lobannis</span> <span class='ocrx_word' id='word_1_28' title='bbox 1088 754 1298 838; x_wconf 88' lang='lat' dir='ltr'>Soldinarycz</span> <span class='ocrx_word' id='word_1_29' title='bbox 1324 771 1358 817; x_wconf 93' lang='lat' dir='ltr'>ut</span> <span class='ocrx_word' id='word_1_30' title='bbox 1382 757 1413 818; x_wconf 91' lang='lat' dir='ltr'>in</span> <span class='ocrx_word' id='word_1_31' title='bbox 1434 775 1508 818; x_wconf 90' lang='lat' dir='ltr'>cau·</span> 
     </span>
     <span class='ocr_line' id='line_1_5' title="bbox 244 859 1504 941; baseline 0.004 -23"><span class='ocrx_word' id='word_1_32' title='bbox 244 878 310 919; x_wconf 87' lang='lat' dir='ltr'>sam</span> <span class='ocrx_word' id='word_1_33' title='bbox 338 872 514 936; x_wconf 81' lang='lat' dir='ltr'>attractam,</span> <span class='ocrx_word' id='word_1_34' title='bbox 539 874 627 940; x_wconf 89' lang='lat' dir='ltr'>parte</span> <span class='ocrx_word' id='word_1_35' title='bbox 650 880 686 918; x_wconf 86' lang='lat' dir='ltr'>ex</span> <span class='ocrx_word' id='word_1_36' title='bbox 711 859 820 937; x_wconf 87' lang='lat' dir='ltr'>altera,</span> <span class='ocrx_word' id='word_1_37' title='bbox 845 859 972 920; x_wconf 84' lang='lat' dir='ltr'>racione</span> <span class='ocrx_word' id='word_1_38' title='bbox 994 874 1024 920; x_wconf 90' lang='lat' dir='ltr'>et</span> <span class='ocrx_word' id='word_1_39' title='bbox 1048 875 1193 941; x_wconf 89' lang='lat' dir='ltr'>pretextu</span> <span class='ocrx_word' id='word_1_40' title='bbox 1218 862 1385 922; x_wconf 88' lang='lat' dir='ltr'>cuiusdam</span> <span class='ocrx_word' id='word_1_41' title='bbox 1411 882 1504 924; x_wconf 89' lang='lat' dir='ltr'>cena·</span> 
     </span>
     <span class='ocr_line' id='line_1_6' title="bbox 245 965 1509 1049; baseline 0.004 -24"><span class='ocrx_word' id='word_1_42' title='bbox 245 965 307 1026; x_wconf 90' lang='lat' dir='ltr'>culi</span> <span class='ocrx_word' id='word_1_43' title='bbox 324 966 409 1044; x_wconf 83' lang='lat' dir='ltr'>wlgo</span> <span class='ocrx_word' id='word_1_44' title='bbox 435 965 552 1044; x_wconf 89' lang='lat' dir='ltr'>jerchel</span> <span class='ocrx_word' id='word_1_45' title='bbox 570 966 702 1042; x_wconf 89' lang='lat' dir='ltr'>dictum,</span> <span class='ocrx_word' id='word_1_46' title='bbox 727 967 814 1047; x_wconf 91' lang='lat' dir='ltr'>quod</span> <span class='ocrx_word' id='word_1_47' title='bbox 839 965 1030 1046; x_wconf 89' lang='lat' dir='ltr'>dispositum</span> <span class='ocrx_word' id='word_1_48' title='bbox 1048 980 1114 1027; x_wconf 87' lang='lat' dir='ltr'>erat</span> <span class='ocrx_word' id='word_1_49' title='bbox 1130 980 1273 1049; x_wconf 91' lang='lat' dir='ltr'>tempore</span> <span class='ocrx_word' id='word_1_50' title='bbox 1300 968 1437 1030; x_wconf 89' lang='lat' dir='ltr'>condam</span> <span class='ocrx_word' id='word_1_51' title='bbox 1457 989 1509 1030; x_wconf 93' lang='lat' dir='ltr'>co·</span> 
     </span>
     <span class='ocr_line' id='line_1_7' title="bbox 244 1072 1509 1155; baseline 0.004 -22"><span class='ocrx_word' id='word_1_52' title='bbox 244 1073 331 1133; x_wconf 89' lang='lat' dir='ltr'>mitis</span> <span class='ocrx_word' id='word_1_53' title='bbox 357 1072 441 1134; x_wconf 81' lang='lat' dir='ltr'>Cilic</span> <span class='ocrx_word' id='word_1_54' title='bbox 474 1093 529 1154; x_wconf 91' lang='lat' dir='ltr'>per</span> <span class='ocrx_word' id='word_1_55' title='bbox 558 1073 731 1154; x_wconf 87' lang='lat' dir='ltr'>quemdam</span> <span class='ocrx_word' id='word_1_56' title='bbox 765 1072 935 1134; x_wconf 88' lang='lat' dir='ltr'>Siboldum</span> <span class='ocrx_word' id='word_1_57' title='bbox 968 1073 1045 1133; x_wconf 91' lang='lat' dir='ltr'>olim</span> <span class='ocrx_word' id='word_1_58' title='bbox 1072 1089 1282 1155; x_wconf 89' lang='lat' dir='ltr'>capetaneum</span> <span class='ocrx_word' id='word_1_59' title='bbox 1316 1075 1410 1137; x_wconf 90' lang='lat' dir='ltr'>huius</span> <span class='ocrx_word' id='word_1_60' title='bbox 1434 1076 1509 1138; x_wconf 90' lang='lat' dir='ltr'>civi·</span> 
     </span>
     <span class='ocr_line' id='line_1_8' title="bbox 243 1179 1507 1263; baseline 0.005 -25"><span class='ocrx_word' id='word_1_61' title='bbox 243 1179 315 1239; x_wconf 89' lang='lat' dir='ltr'>tatis</span> <span class='ocrx_word' id='word_1_62' title='bbox 340 1193 448 1241; x_wconf 88' lang='lat' dir='ltr'>contra</span> <span class='ocrx_word' id='word_1_63' title='bbox 474 1179 738 1240; x_wconf 89' lang='lat' dir='ltr'>consvetudinem</span> <span class='ocrx_word' id='word_1_64' title='bbox 764 1179 899 1239; x_wconf 88' lang='lat' dir='ltr'>civitatis</span> <span class='ocrx_word' id='word_1_65' title='bbox 928 1193 959 1240; x_wconf 89' lang='lat' dir='ltr'>et</span> <span class='ocrx_word' id='word_1_66' title='bbox 976 1194 1205 1241; x_wconf 89' lang='lat' dir='ltr'>nocumentum</span> <span class='ocrx_word' id='word_1_67' title='bbox 1231 1181 1371 1263; x_wconf 87' lang='lat' dir='ltr'>predicte</span> <span class='ocrx_word' id='word_1_68' title='bbox 1390 1183 1507 1244; x_wconf 91' lang='lat' dir='ltr'>domus</span> 
     </span>
     <span class='ocr_line' id='line_1_9' title="bbox 244 1284 1504 1368; baseline 0.003 -23"><span class='ocrx_word' id='word_1_69' title='bbox 244 1285 424 1346; x_wconf 90' lang='lat' dir='ltr'>Domkonis</span> <span class='ocrx_word' id='word_1_70' title='bbox 440 1286 622 1368; x_wconf 85' lang='lat' dir='ltr'>Perowycz,</span> <span class='ocrx_word' id='word_1_71' title='bbox 647 1300 677 1346; x_wconf 91' lang='lat' dir='ltr'>et</span> <span class='ocrx_word' id='word_1_72' title='bbox 694 1285 768 1366; x_wconf 90' lang='lat' dir='ltr'>quia</span> <span class='ocrx_word' id='word_1_73' title='bbox 787 1285 885 1345; x_wconf 84' lang='lat' dir='ltr'>eciam</span> <span class='ocrx_word' id='word_1_74' title='bbox 905 1285 984 1365; x_wconf 81' lang='lat' dir='ltr'>(per)</span> <span class='ocrx_word' id='word_1_75' title='bbox 1002 1284 1241 1365; x_wconf 84' lang='lat' dir='ltr'>predecessores</span> <span class='ocrx_word' id='word_1_76' title='bbox 1258 1287 1356 1368; x_wconf 87' lang='lat' dir='ltr'>ipsius</span> <span class='ocrx_word' id='word_1_77' title='bbox 1381 1287 1504 1349; x_wconf 86' lang='lat' dir='ltr'>domini</span> 
     </span>
     <span class='ocr_line' id='line_1_10' title="bbox 245 1390 1504 1476; baseline 0.002 -23"><span class='ocrx_word' id='word_1_78' title='bbox 245 1391 425 1453; x_wconf 88' lang='lat' dir='ltr'>Domkonis</span> <span class='ocrx_word' id='word_1_79' title='bbox 440 1393 608 1476; x_wconf 83' lang='lat' dir='ltr'>Perowycz</span> <span class='ocrx_word' id='word_1_80' title='bbox 630 1390 688 1452; x_wconf 87' lang='lat' dir='ltr'>luit</span> <span class='ocrx_word' id='word_1_81' title='bbox 707 1391 878 1452; x_wconf 86' lang='lat' dir='ltr'>inhibitum</span> <span class='ocrx_word' id='word_1_82' title='bbox 897 1405 926 1451; x_wconf 88' lang='lat' dir='ltr'>et</span> <span class='ocrx_word' id='word_1_83' title='bbox 944 1391 1175 1453; x_wconf 86' lang='lat' dir='ltr'>contradictum</span> <span class='ocrx_word' id='word_1_84' title='bbox 1193 1408 1288 1474; x_wconf 91' lang='lat' dir='ltr'>prout</span> <span class='ocrx_word' id='word_1_85' title='bbox 1313 1393 1373 1455; x_wconf 90' lang='lat' dir='ltr'>hoc</span> <span class='ocrx_word' id='word_1_86' title='bbox 1398 1414 1504 1456; x_wconf 90' lang='lat' dir='ltr'>coram</span> 
     </span>
     <span class='ocr_line' id='line_1_11' title="bbox 243 1496 1502 1580; baseline 0.003 -22"><span class='ocrx_word' id='word_1_87' title='bbox 243 1499 337 1558; x_wconf 92' lang='lat' dir='ltr'>nobis</span> <span class='ocrx_word' id='word_1_88' title='bbox 362 1499 445 1560; x_wconf 88' lang='lat' dir='ltr'>clare</span> <span class='ocrx_word' id='word_1_89' title='bbox 459 1499 681 1580; x_wconf 86' lang='lat' dir='ltr'>comprobavit</span> <span class='ocrx_word' id='word_1_90' title='bbox 697 1499 773 1558; x_wconf 92' lang='lat' dir='ltr'>dum</span> <span class='ocrx_word' id='word_1_91' title='bbox 792 1496 1021 1558; x_wconf 87' lang='lat' dir='ltr'>hedificabatur</span> <span class='ocrx_word' id='word_1_92' title='bbox 1039 1498 1124 1558; x_wconf 90' lang='lat' dir='ltr'>idem</span> <span class='ocrx_word' id='word_1_93' title='bbox 1141 1499 1341 1577; x_wconf 88' lang='lat' dir='ltr'>cenaculum,</span> <span class='ocrx_word' id='word_1_94' title='bbox 1360 1502 1502 1562; x_wconf 87' lang='lat' dir='ltr'>seniores</span> 
     </span>
     <span class='ocr_line' id='line_1_12' title="bbox 244 1602 1506 1689; baseline 0.004 -25"><span class='ocrx_word' id='word_1_95' title='bbox 244 1602 365 1682; x_wconf 81' lang='lat' dir='ltr'>judices</span> <span class='ocrx_word' id='word_1_96' title='bbox 397 1604 672 1683; x_wconf 86' lang='lat' dir='ltr'>adjudicaverunt,</span> <span class='ocrx_word' id='word_1_97' title='bbox 704 1624 741 1664; x_wconf 89' lang='lat' dir='ltr'>ex</span> <span class='ocrx_word' id='word_1_98' title='bbox 766 1623 831 1684; x_wconf 93' lang='lat' dir='ltr'>quo</span> <span class='ocrx_word' id='word_1_99' title='bbox 863 1604 902 1664; x_wconf 90' lang='lat' dir='ltr'>de</span> <span class='ocrx_word' id='word_1_100' title='bbox 934 1604 1048 1664; x_wconf 90' lang='lat' dir='ltr'>eodem</span> <span class='ocrx_word' id='word_1_101' title='bbox 1081 1605 1235 1666; x_wconf 87' lang='lat' dir='ltr'>cenaculo</span> <span class='ocrx_word' id='word_1_102' title='bbox 1267 1605 1367 1667; x_wconf 90' lang='lat' dir='ltr'>videri</span> <span class='ocrx_word' id='word_1_103' title='bbox 1402 1621 1506 1689; x_wconf 92' lang='lat' dir='ltr'>potest</span> 
     </span>
     <span class='ocr_line' id='line_1_13' title="bbox 246 1710 1508 1795; baseline 0.004 -24"><span class='ocrx_word' id='word_1_104' title='bbox 246 1711 336 1790; x_wconf 88' lang='lat' dir='ltr'>quasi</span> <span class='ocrx_word' id='word_1_105' title='bbox 363 1731 417 1793; x_wconf 86' lang='lat' dir='ltr'>per</span> <span class='ocrx_word' id='word_1_106' title='bbox 443 1710 596 1787; x_wconf 87' lang='lat' dir='ltr'>majorem</span> <span class='ocrx_word' id='word_1_107' title='bbox 632 1725 752 1792; x_wconf 90' lang='lat' dir='ltr'>partem</span> <span class='ocrx_word' id='word_1_108' title='bbox 786 1711 902 1771; x_wconf 87' lang='lat' dir='ltr'>domus</span> <span class='ocrx_word' id='word_1_109' title='bbox 934 1710 1031 1790; x_wconf 91' lang='lat' dir='ltr'>ipsius</span> <span class='ocrx_word' id='word_1_110' title='bbox 1064 1710 1243 1772; x_wconf 88' lang='lat' dir='ltr'>Domkonis</span> <span class='ocrx_word' id='word_1_111' title='bbox 1268 1712 1452 1795; x_wconf 85' lang='lat' dir='ltr'>Perowycz,</span> <span class='ocrx_word' id='word_1_112' title='bbox 1478 1729 1508 1776; x_wconf 89' lang='lat' dir='ltr'>et</span> 
     </span>
     <span class='ocr_line' id='line_1_14' title="bbox 243 1815 1508 1902; baseline 0.003 -25"><span class='ocrx_word' id='word_1_113' title='bbox 243 1817 330 1896; x_wconf 88' lang='lat' dir='ltr'>quod</span> <span class='ocrx_word' id='word_1_114' title='bbox 366 1818 466 1877; x_wconf 91' lang='lat' dir='ltr'>eciam</span> <span class='ocrx_word' id='word_1_115' title='bbox 500 1819 671 1878; x_wconf 84' lang='lat' dir='ltr'>obumbrat</span> <span class='ocrx_word' id='word_1_116' title='bbox 703 1817 811 1877; x_wconf 90' lang='lat' dir='ltr'>videre</span> <span class='ocrx_word' id='word_1_117' title='bbox 843 1817 882 1876; x_wconf 90' lang='lat' dir='ltr'>de</span> <span class='ocrx_word' id='word_1_118' title='bbox 915 1816 1056 1897; x_wconf 89' lang='lat' dir='ltr'>predicta</span> <span class='ocrx_word' id='word_1_119' title='bbox 1089 1815 1187 1877; x_wconf 91' lang='lat' dir='ltr'>domo</span> <span class='ocrx_word' id='word_1_120' title='bbox 1212 1818 1310 1899; x_wconf 89' lang='lat' dir='ltr'>ipsius</span> <span class='ocrx_word' id='word_1_121' title='bbox 1336 1817 1508 1902; x_wconf 84' lang='lat' dir='ltr'>Perowycz</span> 
     </span>
     <span class='ocr_line' id='line_1_15' title="bbox 244 1921 1507 2005; baseline 0.002 -23"><span class='ocrx_word' id='word_1_122' title='bbox 244 1942 300 2004; x_wconf 90' lang='lat' dir='ltr'>per</span> <span class='ocrx_word' id='word_1_123' title='bbox 323 1923 461 2005; x_wconf 86' lang='lat' dir='ltr'>plateam</span> <span class='ocrx_word' id='word_1_124' title='bbox 495 1924 642 2001; x_wconf 88' lang='lat' dir='ltr'>civitatis,</span> <span class='ocrx_word' id='word_1_125' title='bbox 675 1938 805 2005; x_wconf 94' lang='lat' dir='ltr'>propter</span> <span class='ocrx_word' id='word_1_126' title='bbox 837 1921 896 1982; x_wconf 91' lang='lat' dir='ltr'>hoc</span> <span class='ocrx_word' id='word_1_127' title='bbox 929 1922 1015 1982; x_wconf 90' lang='lat' dir='ltr'>idem</span> <span class='ocrx_word' id='word_1_128' title='bbox 1038 1922 1226 1983; x_wconf 87' lang='lat' dir='ltr'>cenaculum</span> <span class='ocrx_word' id='word_1_129' title='bbox 1259 1924 1357 2004; x_wconf 87' lang='lat' dir='ltr'>vulgo</span> <span class='ocrx_word' id='word_1_130' title='bbox 1390 1924 1507 2003; x_wconf 90' lang='lat' dir='ltr'>jarchel</span> 
     </span>
     <span class='ocr_line' id='line_1_16' title="bbox 243 2027 1505 2110; baseline 0.002 -22"><span class='ocrx_word' id='word_1_131' title='bbox 243 2047 344 2110; x_wconf 90' lang='lat' dir='ltr'>usque</span> <span class='ocrx_word' id='word_1_132' title='bbox 369 2030 611 2109; x_wconf 89' lang='lat' dir='ltr'>quindecimum</span> <span class='ocrx_word' id='word_1_133' title='bbox 638 2030 723 2090; x_wconf 90' lang='lat' dir='ltr'>diem</span> <span class='ocrx_word' id='word_1_134' title='bbox 750 2029 843 2090; x_wconf 91' lang='lat' dir='ltr'>debet</span> <span class='ocrx_word' id='word_1_135' title='bbox 865 2027 1002 2109; x_wconf 90' lang='lat' dir='ltr'>deponi;</span> <span class='ocrx_word' id='word_1_136' title='bbox 1028 2027 1067 2088; x_wconf 92' lang='lat' dir='ltr'>de</span> <span class='ocrx_word' id='word_1_137' title='bbox 1092 2047 1155 2108; x_wconf 94' lang='lat' dir='ltr'>qua</span> <span class='ocrx_word' id='word_1_138' title='bbox 1180 2028 1423 2107; x_wconf 87' lang='lat' dir='ltr'>adjudicacione</span> <span class='ocrx_word' id='word_1_139' title='bbox 1449 2032 1505 2091; x_wconf 92' lang='lat' dir='ltr'>do·</span> 
     </span>
     <span class='ocr_line' id='line_1_17' title="bbox 243 2135 1505 2218; baseline 0.002 -23"><span class='ocrx_word' id='word_1_140' title='bbox 243 2135 330 2196; x_wconf 89' lang='lat' dir='ltr'>mina</span> <span class='ocrx_word' id='word_1_141' title='bbox 355 2140 448 2196; x_wconf 86' lang='lat' dir='ltr'>Anna</span> <span class='ocrx_word' id='word_1_142' title='bbox 467 2137 575 2197; x_wconf 88' lang='lat' dir='ltr'>relicta</span> <span class='ocrx_word' id='word_1_143' title='bbox 594 2136 749 2197; x_wconf 87' lang='lat' dir='ltr'>lobannis</span> <span class='ocrx_word' id='word_1_144' title='bbox 767 2135 985 2218; x_wconf 88' lang='lat' dir='ltr'>Soldynarycz</span> <span class='ocrx_word' id='word_1_145' title='bbox 1003 2155 1067 2194; x_wconf 94' lang='lat' dir='ltr'>non</span> <span class='ocrx_word' id='word_1_146' title='bbox 1086 2148 1234 2196; x_wconf 88' lang='lat' dir='ltr'>contenta</span> <span class='ocrx_word' id='word_1_147' title='bbox 1259 2154 1386 2197; x_wconf 85' lang='lat' dir='ltr'>causam</span> <span class='ocrx_word' id='word_1_148' title='bbox 1405 2137 1505 2218; x_wconf 85' lang='lat' dir='ltr'>ipsam</span> 
     </span>
     <span class='ocr_line' id='line_1_18' title="bbox 242 2242 994 2324; baseline 0.001 -22"><span class='ocrx_word' id='word_1_149' title='bbox 242 2242 415 2324; x_wconf 87' lang='lat' dir='ltr'>appellavit</span> <span class='ocrx_word' id='word_1_150' title='bbox 439 2244 477 2303; x_wconf 90' lang='lat' dir='ltr'>ad</span> <span class='ocrx_word' id='word_1_151' title='bbox 504 2245 692 2323; x_wconf 85' lang='lat' dir='ltr'>magistrum</span> <span class='ocrx_word' id='word_1_152' title='bbox 716 2242 994 2304; x_wconf 87' lang='lat' dir='ltr'>thawernicorum.</span> 
     </span>
    </p>
   </div>
   <div class='ocr_carea' id='block_1_3' title="bbox 323 2460 1418 2552">
    <p class='ocr_par' dir='ltr' id='par_1_3' title="bbox 323 2460 1418 2552">
     <span class='ocr_line' id='line_1_19' title="bbox 323 2460 1418 2552; baseline 0.005 -21"><span class='ocrx_word' id='word_1_153' title='bbox 323 2460 419 2533; x_wconf 82' lang='lat' dir='ltr'>Feria</span> <span class='ocrx_word' id='word_1_154' title='bbox 448 2475 545 2533; x_wconf 84' lang='lat' dir='ltr'>sexta</span> <span class='ocrx_word' id='word_1_155' title='bbox 575 2466 728 2552; x_wconf 85' lang='lat' dir='ltr'>proxima</span> <span class='ocrx_word' id='word_1_156' title='bbox 757 2471 835 2534; x_wconf 88' lang='lat' dir='ltr'>ante</span> <span class='ocrx_word' id='word_1_157' title='bbox 863 2465 984 2534; x_wconf 79' lang='lat' dir='ltr'>festum</span> <span class='ocrx_word' id='word_1_158' title='bbox 1014 2466 1188 2536; x_wconf 85' lang='lat' dir='ltr'>beatorum</span> <span class='ocrx_word' id='word_1_159' title='bbox 1219 2464 1354 2536; x_wconf 85' lang='lat' dir='ltr'>Fabiani</span> <span class='ocrx_word' id='word_1_160' title='bbox 1385 2478 1418 2537; x_wconf 86' lang='lat' dir='ltr'>et</span> 
     </span>
    </p>
   </div>
   <div class='ocr_carea' id='block_1_4' title="bbox 648 2587 1110 2818">
    <p class='ocr_par' dir='ltr' id='par_1_4' title="bbox 648 2587 1110 2818">
     <span class='ocr_line' id='line_1_20' title="bbox 665 2587 1074 2659; baseline 0.005 -2"><span class='ocrx_word' id='word_1_161' title='bbox 665 2587 852 2658; x_wconf 81' lang='lat' dir='ltr'>Sebastiam</span> <span class='ocrx_word' id='word_1_162' title='bbox 884 2592 1074 2659; x_wconf 88' lang='lat' dir='ltr'>martirum.</span> 
     </span>
     <span class='ocr_line' id='line_1_21' title="bbox 648 2739 1110 2818; baseline 0.006 -21"><span class='ocrx_word' id='word_1_163' title='bbox 648 2740 713 2818; x_wconf 82' lang='lat'><em>(19.</em></span> <span class='ocrx_word' id='word_1_164' title='bbox 731 2745 881 2817; x_wconf 65' lang='lat' dir='ltr'>januaria,</span> <span class='ocrx_word' id='word_1_165' title='bbox 904 2762 973 2802; x_wconf 85' lang='lat' dir='ltr'>ann.</span> <span class='ocrx_word' id='word_1_166' title='bbox 1000 2739 1110 2818; x_wconf 68' lang='lat'><em>1487).</em></span> 
     </span>
    </p>
   </div>
   <div class='ocr_carea' id='block_1_5' title="bbox 240 2881 1504 4856">
    <p class='ocr_par' dir='ltr' id='par_1_5' title="bbox 241 2881 1504 4114">
     <span class='ocr_line' id='line_1_22' title="bbox 348 2881 1504 2963; baseline 0.001 -22"><span class='ocrx_word' id='word_1_167' title='bbox 348 2881 454 2941; x_wconf 86' lang='lat' dir='ltr'>Causa</span> <span class='ocrx_word' id='word_1_168' title='bbox 486 2882 567 2942; x_wconf 90' lang='lat' dir='ltr'>inter</span> <span class='ocrx_word' id='word_1_169' title='bbox 599 2882 701 2942; x_wconf 86' lang='lat' dir='ltr'>Eliam</span> <span class='ocrx_word' id='word_1_170' title='bbox 735 2896 994 2962; x_wconf 88' lang='lat' dir='ltr'>campanatorem</span> <span class='ocrx_word' id='word_1_171' title='bbox 1027 2896 1058 2943; x_wconf 89' lang='lat' dir='ltr'>et</span> <span class='ocrx_word' id='word_1_172' title='bbox 1090 2883 1171 2943; x_wconf 88' lang='lat' dir='ltr'>inter</span> <span class='ocrx_word' id='word_1_173' title='bbox 1195 2881 1373 2963; x_wconf 87' lang='lat' dir='ltr'>Georgium</span> <span class='ocrx_word' id='word_1_174' title='bbox 1400 2883 1504 2944; x_wconf 91' lang='lat' dir='ltr'>Kene-</span> 
     </span>
     <span class='ocr_line' id='line_1_23' title="bbox 242 2988 1502 3068; baseline 0.002 -21"><span class='ocrx_word' id='word_1_175' title='bbox 242 2989 374 3068; x_wconf 85' lang='lat' dir='ltr'>kowycz</span> <span class='ocrx_word' id='word_1_176' title='bbox 399 3001 429 3048; x_wconf 90' lang='lat' dir='ltr'>et</span> <span class='ocrx_word' id='word_1_177' title='bbox 455 2988 646 3048; x_wconf 87' lang='lat' dir='ltr'>Michaelem</span> <span class='ocrx_word' id='word_1_178' title='bbox 664 2988 770 3068; x_wconf 87' lang='lat' dir='ltr'>Orzag</span> <span class='ocrx_word' id='word_1_179' title='bbox 795 3005 825 3048; x_wconf 90' lang='lat' dir='ltr'>et</span> <span class='ocrx_word' id='word_1_180' title='bbox 847 2989 988 3049; x_wconf 88' lang='lat' dir='ltr'>Blasium</span> <span class='ocrx_word' id='word_1_181' title='bbox 1007 2988 1208 3049; x_wconf 86' lang='lat' dir='ltr'>Nekerschen</span> <span class='ocrx_word' id='word_1_182' title='bbox 1233 3002 1263 3050; x_wconf 88' lang='lat' dir='ltr'>et</span> <span class='ocrx_word' id='word_1_183' title='bbox 1288 2989 1502 3050; x_wconf 90' lang='lat' dir='ltr'>Laurencium</span> 
     </span>
     <span class='ocr_line' id='line_1_24' title="bbox 245 3093 1502 3176; baseline 0.002 -22"><span class='ocrx_word' id='word_1_184' title='bbox 245 3093 347 3176; x_wconf 89' lang='lat' dir='ltr'>Spacy</span> <span class='ocrx_word' id='word_1_185' title='bbox 373 3094 501 3154; x_wconf 86' lang='lat' dir='ltr'>racione</span> <span class='ocrx_word' id='word_1_186' title='bbox 536 3096 630 3155; x_wconf 88' lang='lat' dir='ltr'>rebus</span> <span class='ocrx_word' id='word_1_187' title='bbox 661 3095 782 3155; x_wconf 89' lang='lat' dir='ltr'>scilicet</span> <span class='ocrx_word' id='word_1_188' title='bbox 814 3095 973 3155; x_wconf 89' lang='lat' dir='ltr'>naranche</span> <span class='ocrx_word' id='word_1_189' title='bbox 1006 3114 1061 3175; x_wconf 90' lang='lat' dir='ltr'>per</span> <span class='ocrx_word' id='word_1_190' title='bbox 1093 3095 1178 3175; x_wconf 92' lang='lat' dir='ltr'>ipsos</span> <span class='ocrx_word' id='word_1_191' title='bbox 1210 3094 1383 3156; x_wconf 90' lang='lat' dir='ltr'>conductas</span> <span class='ocrx_word' id='word_1_192' title='bbox 1408 3108 1438 3156; x_wconf 90' lang='lat' dir='ltr'>et</span> <span class='ocrx_word' id='word_1_193' title='bbox 1471 3096 1502 3156; x_wconf 92' lang='lat' dir='ltr'>iu</span> 
     </span>
     <span class='ocr_line' id='line_1_25' title="bbox 242 3200 1500 3282; baseline 0.003 -25"><span class='ocrx_word' id='word_1_194' title='bbox 242 3200 388 3260; x_wconf 87' lang='lat' dir='ltr'>curribus</span> <span class='ocrx_word' id='word_1_195' title='bbox 406 3200 547 3281; x_wconf 89' lang='lat' dir='ltr'>ipsorum</span> <span class='ocrx_word' id='word_1_196' title='bbox 568 3221 623 3282; x_wconf 91' lang='lat' dir='ltr'>per</span> <span class='ocrx_word' id='word_1_197' title='bbox 639 3220 755 3281; x_wconf 87' lang='lat' dir='ltr'>aquam</span> <span class='ocrx_word' id='word_1_198' title='bbox 774 3201 929 3278; x_wconf 90' lang='lat' dir='ltr'>madidas,</span> <span class='ocrx_word' id='word_1_199' title='bbox 946 3201 1038 3280; x_wconf 83' lang='lat' dir='ltr'>jurati</span> <span class='ocrx_word' id='word_1_200' title='bbox 1061 3201 1104 3261; x_wconf 90' lang='lat' dir='ltr'>sic</span> <span class='ocrx_word' id='word_1_201' title='bbox 1123 3200 1396 3281; x_wconf 82' lang='lat' dir='ltr'>dejudicaverunt,</span> <span class='ocrx_word' id='word_1_202' title='bbox 1414 3201 1500 3282; x_wconf 89' lang='lat' dir='ltr'>quod</span> 
     </span>
     <span class='ocr_line' id='line_1_26' title="bbox 245 3305 1503 3388; baseline 0.002 -23"><span class='ocrx_word' id='word_1_203' title='bbox 245 3305 310 3387; x_wconf 91' lang='lat' dir='ltr'>ipse</span> <span class='ocrx_word' id='word_1_204' title='bbox 336 3306 422 3366; x_wconf 84' lang='lat' dir='ltr'>Elias</span> <span class='ocrx_word' id='word_1_205' title='bbox 447 3306 542 3368; x_wconf 89' lang='lat' dir='ltr'>debet</span> <span class='ocrx_word' id='word_1_206' title='bbox 559 3307 774 3385; x_wconf 80' lang='lat' dir='ltr'>iuramentum</span> <span class='ocrx_word' id='word_1_207' title='bbox 796 3307 956 3388; x_wconf 89' lang='lat' dir='ltr'>deponere</span> <span class='ocrx_word' id='word_1_208' title='bbox 974 3326 1068 3388; x_wconf 91' lang='lat' dir='ltr'>super</span> <span class='ocrx_word' id='word_1_209' title='bbox 1085 3307 1145 3367; x_wconf 88' lang='lat' dir='ltr'>hoc</span> <span class='ocrx_word' id='word_1_210' title='bbox 1170 3327 1264 3388; x_wconf 93' lang='lat' dir='ltr'>super</span> <span class='ocrx_word' id='word_1_211' title='bbox 1281 3307 1380 3367; x_wconf 88' lang='lat' dir='ltr'>altare</span> <span class='ocrx_word' id='word_1_212' title='bbox 1397 3323 1503 3368; x_wconf 88' lang='lat' dir='ltr'>sancte</span> 
     </span>
     <span class='ocr_line' id='line_1_27' title="bbox 243 3409 1502 3475; baseline 0 -4"><span class='ocrx_word' id='word_1_213' title='bbox 243 3409 357 3472; x_wconf 89' lang='lat' dir='ltr'>Crucis</span> <span class='ocrx_word' id='word_1_214' title='bbox 382 3413 412 3472; x_wconf 92' lang='lat' dir='ltr'>in</span> <span class='ocrx_word' id='word_1_215' title='bbox 439 3413 570 3474; x_wconf 86' lang='lat' dir='ltr'>ecclesia</span> <span class='ocrx_word' id='word_1_216' title='bbox 596 3428 702 3474; x_wconf 86' lang='lat' dir='ltr'>nostra</span> <span class='ocrx_word' id='word_1_217' title='bbox 734 3420 832 3475; x_wconf 84' lang='lat' dir='ltr'>sancti</span> <span class='ocrx_word' id='word_1_218' title='bbox 859 3414 955 3473; x_wconf 89' lang='lat' dir='ltr'>Marci</span> <span class='ocrx_word' id='word_1_219' title='bbox 989 3414 1029 3473; x_wconf 85' lang='lat' dir='ltr'>ita</span> <span class='ocrx_word' id='word_1_220' title='bbox 1061 3427 1166 3473; x_wconf 86' lang='lat' dir='ltr'>tamen</span> <span class='ocrx_word' id='word_1_221' title='bbox 1199 3413 1279 3473; x_wconf 89' lang='lat' dir='ltr'>sicut</span> <span class='ocrx_word' id='word_1_222' title='bbox 1303 3427 1349 3474; x_wconf 90' lang='lat' dir='ltr'>est</span> <span class='ocrx_word' id='word_1_223' title='bbox 1374 3432 1502 3474; x_wconf 87' lang='lat' dir='ltr'>consve-</span> 
     </span>
     <span class='ocr_line' id='line_1_28' title="bbox 243 3518 1502 3600; baseline 0.002 -24"><span class='ocrx_word' id='word_1_224' title='bbox 243 3518 332 3594; x_wconf 90' lang='lat' dir='ltr'>tudo,</span> <span class='ocrx_word' id='word_1_225' title='bbox 358 3520 444 3598; x_wconf 92' lang='lat' dir='ltr'>quod</span> <span class='ocrx_word' id='word_1_226' title='bbox 471 3520 524 3579; x_wconf 92' lang='lat' dir='ltr'>ille</span> <span class='ocrx_word' id='word_1_227' title='bbox 549 3534 621 3580; x_wconf 91' lang='lat' dir='ltr'>sunt</span> <span class='ocrx_word' id='word_1_228' title='bbox 655 3519 811 3580; x_wconf 87' lang='lat' dir='ltr'>naranche</span> <span class='ocrx_word' id='word_1_229' title='bbox 836 3519 899 3600; x_wconf 90' lang='lat' dir='ltr'>pile</span> <span class='ocrx_word' id='word_1_230' title='bbox 933 3520 970 3579; x_wconf 90' lang='lat' dir='ltr'>de</span> <span class='ocrx_word' id='word_1_231' title='bbox 1002 3519 1056 3579; x_wconf 90' lang='lat' dir='ltr'>illa</span> <span class='ocrx_word' id='word_1_232' title='bbox 1089 3518 1288 3578; x_wconf 89' lang='lat' dir='ltr'>madiacione</span> <span class='ocrx_word' id='word_1_233' title='bbox 1315 3519 1403 3598; x_wconf 93' lang='lat' dir='ltr'>quod</span> <span class='ocrx_word' id='word_1_234' title='bbox 1437 3518 1502 3578; x_wconf 87' lang='lat' dir='ltr'>fue·</span> 
     </span>
     <span class='ocr_line' id='line_1_29' title="bbox 243 3624 1501 3707; baseline 0.002 -24"><span class='ocrx_word' id='word_1_235' title='bbox 243 3639 315 3684; x_wconf 89' lang='lat' dir='ltr'>runt</span> <span class='ocrx_word' id='word_1_236' title='bbox 340 3625 499 3685; x_wconf 89' lang='lat' dir='ltr'>madidate</span> <span class='ocrx_word' id='word_1_237' title='bbox 519 3627 549 3685; x_wconf 89' lang='lat' dir='ltr'>in</span> <span class='ocrx_word' id='word_1_238' title='bbox 576 3627 721 3686; x_wconf 88' lang='lat' dir='ltr'>curribus</span> <span class='ocrx_word' id='word_1_239' title='bbox 739 3627 890 3707; x_wconf 90' lang='lat' dir='ltr'>ipsorum,</span> <span class='ocrx_word' id='word_1_240' title='bbox 916 3640 945 3685; x_wconf 88' lang='lat' dir='ltr'>et</span> <span class='ocrx_word' id='word_1_241' title='bbox 969 3625 1069 3684; x_wconf 90' lang='lat' dir='ltr'>eciam</span> <span class='ocrx_word' id='word_1_242' title='bbox 1095 3624 1190 3684; x_wconf 88' lang='lat' dir='ltr'>debet</span> <span class='ocrx_word' id='word_1_243' title='bbox 1214 3624 1317 3701; x_wconf 86' lang='lat' dir='ltr'>jurare</span> <span class='ocrx_word' id='word_1_244' title='bbox 1347 3639 1501 3705; x_wconf 88' lang='lat' dir='ltr'>quantum</span> 
     </span>
     <span class='ocr_line' id='line_1_30' title="bbox 243 3730 1499 3813; baseline 0.002 -24"><span class='ocrx_word' id='word_1_245' title='bbox 243 3730 418 3811; x_wconf 88' lang='lat' dir='ltr'>dampnum</span> <span class='ocrx_word' id='word_1_246' title='bbox 444 3752 553 3813; x_wconf 88' lang='lat' dir='ltr'>passus</span> <span class='ocrx_word' id='word_1_247' title='bbox 578 3747 623 3793; x_wconf 89' lang='lat' dir='ltr'>est</span> <span class='ocrx_word' id='word_1_248' title='bbox 649 3733 678 3792; x_wconf 90' lang='lat' dir='ltr'>in</span> <span class='ocrx_word' id='word_1_249' title='bbox 706 3733 780 3813; x_wconf 90' lang='lat' dir='ltr'>ipsis</span> <span class='ocrx_word' id='word_1_250' title='bbox 806 3731 994 3799; x_wconf 75' lang='lat' dir='ltr'>naranchiis,</span> <span class='ocrx_word' id='word_1_251' title='bbox 1024 3745 1054 3790; x_wconf 89' lang='lat' dir='ltr'>et</span> <span class='ocrx_word' id='word_1_252' title='bbox 1079 3730 1138 3790; x_wconf 86' lang='lat' dir='ltr'>lroc</span> <span class='ocrx_word' id='word_1_253' title='bbox 1163 3730 1378 3808; x_wconf 85' lang='lat' dir='ltr'>juramentum</span> <span class='ocrx_word' id='word_1_254' title='bbox 1404 3731 1499 3792; x_wconf 90' lang='lat' dir='ltr'>debet</span> 
     </span>
     <span class='ocr_line' id='line_1_31' title="bbox 241 3835 1498 3919; baseline 0.003 -24"><span class='ocrx_word' id='word_1_255' title='bbox 241 3836 358 3915; x_wconf 86' lang='lat' dir='ltr'>deponi</span> <span class='ocrx_word' id='word_1_256' title='bbox 385 3837 461 3899; x_wconf 84' lang='lat' dir='ltr'>feria</span> <span class='ocrx_word' id='word_1_257' title='bbox 494 3852 579 3899; x_wconf 82' lang='lat' dir='ltr'>sexta</span> <span class='ocrx_word' id='word_1_258' title='bbox 605 3841 747 3919; x_wconf 87' lang='lat' dir='ltr'>proxima</span> <span class='ocrx_word' id='word_1_259' title='bbox 782 3853 853 3917; x_wconf 88' lang='lat' dir='ltr'>post</span> <span class='ocrx_word' id='word_1_260' title='bbox 883 3835 997 3898; x_wconf 85' lang='lat' dir='ltr'>festum</span> <span class='ocrx_word' id='word_1_261' title='bbox 1025 3838 1105 3897; x_wconf 89' lang='lat' dir='ltr'>beati</span> <span class='ocrx_word' id='word_1_262' title='bbox 1136 3838 1223 3897; x_wconf 80' lang='lat' dir='ltr'>l&#39;auli</span> <span class='ocrx_word' id='word_1_263' title='bbox 1250 3838 1498 3913; x_wconf 87' lang='lat' dir='ltr'>Conversionis;</span> 
     </span>
     <span class='ocr_line' id='line_1_32' title="bbox 242 3943 1502 4026; baseline 0.002 -24"><span class='ocrx_word' id='word_1_264' title='bbox 242 3943 421 4020; x_wconf 84' lang='lat' dir='ltr'>juramento</span> <span class='ocrx_word' id='word_1_265' title='bbox 465 3945 633 4026; x_wconf 82' lang='lat' dir='ltr'>depositO,</span> <span class='ocrx_word' id='word_1_266' title='bbox 673 3946 730 4024; x_wconf 89' lang='lat' dir='ltr'>ipsi</span> <span class='ocrx_word' id='word_1_267' title='bbox 767 3945 884 4004; x_wconf 89' lang='lat' dir='ltr'>debent</span> <span class='ocrx_word' id='word_1_268' title='bbox 929 3945 987 4004; x_wconf 89' lang='lat' dir='ltr'>sibi</span> <span class='ocrx_word' id='word_1_269' title='bbox 1032 3943 1172 4018; x_wconf 91' lang='lat' dir='ltr'>solvere;</span> <span class='ocrx_word' id='word_1_270' title='bbox 1213 3945 1416 4024; x_wconf 90' lang='lat' dir='ltr'>appellarunt</span> <span class='ocrx_word' id='word_1_271' title='bbox 1462 3943 1502 4004; x_wconf 88' lang='lat' dir='ltr'>ad</span> 
     </span>
     <span class='ocr_line' id='line_1_33' title="bbox 242 4051 394 4114; baseline 0.013 -3"><span class='ocrx_word' id='word_1_272' title='bbox 242 4051 394 4114; x_wconf 89' lang='lat' dir='ltr'>seniores.</span> 
     </span>
    </p>

    <p class='ocr_par' dir='ltr' id='par_1_6' title="bbox 240 4154 1501 4856">
     <span class='ocr_line' id='line_1_34' title="bbox 348 4154 1499 4236; baseline -0.001 -20"><span class='ocrx_word' id='word_1_273' title='bbox 348 4156 424 4218; x_wconf 90' lang='lat' dir='ltr'>ltem</span> <span class='ocrx_word' id='word_1_274' title='bbox 450 4158 562 4218; x_wconf 91' lang='lat' dir='ltr'>eadem</span> <span class='ocrx_word' id='word_1_275' title='bbox 588 4158 639 4216; x_wconf 89' lang='lat' dir='ltr'>die</span> <span class='ocrx_word' id='word_1_276' title='bbox 665 4176 758 4217; x_wconf 87' lang='lat' dir='ltr'>causa</span> <span class='ocrx_word' id='word_1_277' title='bbox 786 4157 866 4216; x_wconf 88' lang='lat' dir='ltr'>inter</span> <span class='ocrx_word' id='word_1_278' title='bbox 887 4155 1064 4236; x_wconf 87' lang='lat' dir='ltr'>predictum</span> <span class='ocrx_word' id='word_1_279' title='bbox 1093 4155 1194 4215; x_wconf 87' lang='lat' dir='ltr'>Eliam</span> <span class='ocrx_word' id='word_1_280' title='bbox 1221 4171 1251 4215; x_wconf 91' lang='lat' dir='ltr'>et</span> <span class='ocrx_word' id='word_1_281' title='bbox 1278 4156 1405 4216; x_wconf 86' lang='lat' dir='ltr'>Petrum</span> <span class='ocrx_word' id='word_1_282' title='bbox 1432 4154 1499 4216; x_wconf 87' lang='lat' dir='ltr'>Lah</span> 
     </span>
     <span class='ocr_line' id='line_1_35' title="bbox 242 4260 1501 4346; baseline -0.002 -23"><span class='ocrx_word' id='word_1_283' title='bbox 242 4265 361 4323; x_wconf 90' lang='lat' dir='ltr'>dictum</span> <span class='ocrx_word' id='word_1_284' title='bbox 388 4265 515 4325; x_wconf 88' lang='lat' dir='ltr'>racione</span> <span class='ocrx_word' id='word_1_285' title='bbox 541 4265 753 4346; x_wconf 90' lang='lat' dir='ltr'>predictarum</span> <span class='ocrx_word' id='word_1_286' title='bbox 780 4282 885 4322; x_wconf 90' lang='lat' dir='ltr'>rerum</span> <span class='ocrx_word' id='word_1_287' title='bbox 911 4262 948 4320; x_wconf 87' lang='lat' dir='ltr'>de</span> <span class='ocrx_word' id='word_1_288' title='bbox 972 4262 1066 4320; x_wconf 87' lang='lat' dir='ltr'>simili</span> <span class='ocrx_word' id='word_1_289' title='bbox 1093 4262 1245 4342; x_wconf 90' lang='lat' dir='ltr'>dampno,</span> <span class='ocrx_word' id='word_1_290' title='bbox 1260 4261 1351 4340; x_wconf 87' lang='lat' dir='ltr'>jurati</span> <span class='ocrx_word' id='word_1_291' title='bbox 1377 4260 1501 4341; x_wconf 84' lang='lat' dir='ltr'>adjudi-</span> 
     </span>
     <span class='ocr_line' id='line_1_36' title="bbox 241 4367 1500 4451; baseline -0.002 -21"><span class='ocrx_word' id='word_1_292' title='bbox 241 4385 402 4446; x_wconf 87' lang='lat' dir='ltr'>caverunt,</span> <span class='ocrx_word' id='word_1_293' title='bbox 428 4371 515 4451; x_wconf 89' lang='lat' dir='ltr'>quod</span> <span class='ocrx_word' id='word_1_294' title='bbox 543 4371 651 4431; x_wconf 82' lang='lat' dir='ltr'>Petrus</span> <span class='ocrx_word' id='word_1_295' title='bbox 678 4370 742 4429; x_wconf 79' lang='lat' dir='ltr'>Lali</span> <span class='ocrx_word' id='word_1_296' title='bbox 773 4369 875 4428; x_wconf 87' lang='lat' dir='ltr'>dictus</span> <span class='ocrx_word' id='word_1_297' title='bbox 900 4368 993 4427; x_wconf 87' lang='lat' dir='ltr'>debet</span> <span class='ocrx_word' id='word_1_298' title='bbox 1027 4368 1129 4444; x_wconf 89' lang='lat' dir='ltr'>jurare</span> <span class='ocrx_word' id='word_1_299' title='bbox 1154 4387 1248 4448; x_wconf 90' lang='lat' dir='ltr'>super</span> <span class='ocrx_word' id='word_1_300' title='bbox 1271 4367 1369 4427; x_wconf 89' lang='lat' dir='ltr'>altare</span> <span class='ocrx_word' id='word_1_301' title='bbox 1393 4381 1500 4428; x_wconf 89' lang='lat' dir='ltr'>sancte</span> 
     </span>
     <span class='ocr_line' id='line_1_37' title="bbox 242 4471 1501 4558; baseline -0.002 -21"><span class='ocrx_word' id='word_1_302' title='bbox 242 4476 365 4551; x_wconf 84' lang='lat' dir='ltr'>Crucis,</span> <span class='ocrx_word' id='word_1_303' title='bbox 391 4477 477 4557; x_wconf 91' lang='lat' dir='ltr'>quod</span> <span class='ocrx_word' id='word_1_304' title='bbox 504 4478 570 4558; x_wconf 89' lang='lat' dir='ltr'>ipse</span> <span class='ocrx_word' id='word_1_305' title='bbox 596 4497 632 4535; x_wconf 86' lang='lat' dir='ltr'>ex</span> <span class='ocrx_word' id='word_1_306' title='bbox 666 4476 719 4535; x_wconf 89' lang='lat' dir='ltr'>illa</span> <span class='ocrx_word' id='word_1_307' title='bbox 745 4490 832 4556; x_wconf 86' lang='lat' dir='ltr'>parte</span> <span class='ocrx_word' id='word_1_308' title='bbox 865 4475 949 4533; x_wconf 84' lang='lat' dir='ltr'>Zaue</span> <span class='ocrx_word' id='word_1_309' title='bbox 985 4473 1107 4533; x_wconf 92' lang='lat' dir='ltr'>nullum</span> <span class='ocrx_word' id='word_1_310' title='bbox 1143 4473 1318 4554; x_wconf 89' lang='lat' dir='ltr'>dampnum</span> <span class='ocrx_word' id='word_1_311' title='bbox 1345 4471 1419 4535; x_wconf 87' lang='lat' dir='ltr'>lecit</span> <span class='ocrx_word' id='word_1_312' title='bbox 1443 4493 1501 4555; x_wconf 95' lang='lat' dir='ltr'>pro</span> 
     </span>
     <span class='ocr_line' id='line_1_38' title="bbox 243 4579 1501 4660; baseline -0.001 -19"><span class='ocrx_word' id='word_1_313' title='bbox 243 4582 312 4642; x_wconf 88' lang='lat' dir='ltr'>Elia</span> <span class='ocrx_word' id='word_1_314' title='bbox 339 4583 370 4642; x_wconf 87' lang='lat' dir='ltr'>in</span> <span class='ocrx_word' id='word_1_315' title='bbox 396 4602 488 4643; x_wconf 87' lang='lat' dir='ltr'>curro</span> <span class='ocrx_word' id='word_1_316' title='bbox 513 4603 571 4642; x_wconf 90' lang='lat' dir='ltr'>suo</span> <span class='ocrx_word' id='word_1_317' title='bbox 597 4583 627 4643; x_wconf 92' lang='lat' dir='ltr'>in</span> <span class='ocrx_word' id='word_1_318' title='bbox 654 4584 747 4642; x_wconf 76' lang='lat' dir='ltr'>rebus</span> <span class='ocrx_word' id='word_1_319' title='bbox 780 4582 861 4654; x_wconf 85' lang='lat' dir='ltr'>suis;</span> <span class='ocrx_word' id='word_1_320' title='bbox 894 4580 918 4638; x_wconf 89' lang='lat' dir='ltr'>si</span> <span class='ocrx_word' id='word_1_321' title='bbox 945 4579 1071 4654; x_wconf 86' lang='lat' dir='ltr'>jurabit,</span> <span class='ocrx_word' id='word_1_322' title='bbox 1097 4598 1160 4639; x_wconf 93' lang='lat' dir='ltr'>non</span> <span class='ocrx_word' id='word_1_323' title='bbox 1193 4580 1354 4640; x_wconf 84' lang='lat' dir='ltr'>tenebitur</span> <span class='ocrx_word' id='word_1_324' title='bbox 1377 4579 1501 4660; x_wconf 88' lang='lat' dir='ltr'>aliquid</span> 
     </span>
     <span class='ocr_line' id='line_1_39' title="bbox 240 4683 1499 4768; baseline -0.002 -18"><span class='ocrx_word' id='word_1_325' title='bbox 240 4688 299 4750; x_wconf 89' lang='lat' dir='ltr'>sibi</span> <span class='ocrx_word' id='word_1_326' title='bbox 325 4688 459 4764; x_wconf 88' lang='lat' dir='ltr'>solvere,</span> <span class='ocrx_word' id='word_1_327' title='bbox 483 4688 632 4752; x_wconf 88' lang='lat' dir='ltr'>similiter</span> <span class='ocrx_word' id='word_1_328' title='bbox 658 4687 733 4751; x_wconf 86' lang='lat' dir='ltr'>feria</span> <span class='ocrx_word' id='word_1_329' title='bbox 766 4701 851 4748; x_wconf 85' lang='lat' dir='ltr'>sexta</span> <span class='ocrx_word' id='word_1_330' title='bbox 878 4686 1022 4768; x_wconf 84' lang='lat' dir='ltr'>proxima</span> <span class='ocrx_word' id='word_1_331' title='bbox 1055 4699 1126 4764; x_wconf 93' lang='lat' dir='ltr'>post</span> <span class='ocrx_word' id='word_1_332' title='bbox 1151 4683 1265 4747; x_wconf 79' lang='lat' dir='ltr'>festum</span> <span class='ocrx_word' id='word_1_333' title='bbox 1299 4686 1383 4748; x_wconf 87' lang='lat' dir='ltr'>beati</span> <span class='ocrx_word' id='word_1_334' title='bbox 1408 4685 1499 4748; x_wconf 86' lang='lat' dir='ltr'>Pauli</span> 
     </span>
     <span class='ocr_line' id='line_1_40' title="bbox 242 4793 483 4856; baseline -0.008 0"><span class='ocrx_word' id='word_1_335' title='bbox 242 4793 483 4856; x_wconf 88' lang='lat' dir='ltr'>Conversionis.</span> 
     </span>
    </p>
   </div>
   <div class='ocr_carea' id='block_1_6' title="bbox 0 0 1756 5264">
    <p class='ocr_par' dir='ltr' id='par_1_7' title="bbox 0 0 1756 5264">
     <span class='ocr_line' id='line_1_41' title="bbox 0 0 1756 5264; baseline 0 0"><span class='ocrx_word' id='word_1_336' title='bbox 0 0 1756 5264; x_wconf 95' lang='lat' dir='ltr'> </span> 
     </span>
    </p>
   </div>
  </div>
 </body>
</html>
