3502 5264
636 342 838 424 Anno1484.
868 378 909 388 —
933 359 982 422 23·
999 345 1154 422 januarii.

372 557 449 619 Item
474 576 602 618 causam
627 557 708 645 inter
725 555 902 638 Georgium
921 576 1108 640 arcuparem
1126 571 1157 621 et
1181 557 1355 621 Martinum
1371 570 1527 621 sartorem

266 663 395 725 racione
420 663 557 725 racionis
590 663 630 726 de
655 662 793 745 quadam
829 664 966 746 pecunia
993 682 1050 727 seu
1082 664 1174 726 dacio
1198 664 1449 743 communitatis,
1480 663 1528 746 ju·

267 770 326 831 rati
352 769 628 853 adjudicaverunt,
645 768 733 851 quod
751 768 891 851 prefatus
905 768 1064 851 Georgius
1081 790 1215 852 arcupar
1231 769 1326 833 debet
1345 770 1529 833 mettercius

267 878 429 959 deponere
453 875 668 957 juramentum
687 874 764 937 feria
788 891 874 939 sexta
899 877 1044 959 proxime
1068 893 1211 958 ventura,
1227 878 1282 939 tali
1301 876 1420 954 m0d0;
1438 875 1526 960 quod

265 985 297 1044 in
323 983 406 1045 dicta
442 985 577 1065 pecunia
602 983 841 1046 communitatis
872 984 939 1066 ipse
971 998 1108 1046 nonest
1139 984 1308 1068 culpabilis
1339 1003 1444 1066 neque
1469 984 1526 1047 ali·

265 1089 343 1171 quid
368 1090 408 1152 de
432 1090 545 1151 eadem
570 1089 699 1171 recepit,
723 1108 828 1170 neque
853 1108 925 1151 cum
957 1090 1038 1153 scitu
1062 1104 1093 1153 et
1114 1091 1278 1153 voluntate
1310 1090 1455 1153 eiusdem
1480 1103 1528 1152 est

265 1194 408 1258 defectus
448 1197 478 1257 in
519 1196 586 1278 ipsa
617 1195 753 1277 pecunia
785 1196 1043 1273 communitatis;
1087 1210 1117 1258 et
1156 1196 1303 1278 deposito
1342 1195 1522 1277 juramento

265 1301 426 1385 predictus
443 1302 599 1364 Martinus
614 1302 738 1365 solvere
752 1300 848 1363 debet
860 1300 1021 1364 defectum
1038 1304 1170 1365 totalem
1184 1303 1215 1365 in
1235 1303 1364 1364 racione
1382 1301 1525 1364 eiusdem

264 1410 411 1492 pecunie.

371 1515 449 1576 Item
476 1516 507 1576 in
532 1534 624 1577 causa
658 1515 740 1576 inter
771 1512 948 1595 Georgium
981 1514 1092 1575 Zoban
1121 1513 1242 1575 dictum
1275 1527 1306 1576 et
1330 1511 1526 1595 Gregorium

263 1634 406 1684 sutorem
432 1620 567 1682 Tkalicz
592 1619 713 1682 dictum
738 1634 769 1682 et
796 1639 929 1682 uxorem
962 1621 1031 1682 eius
1054 1620 1183 1681 racione
1216 1619 1413 1701 perdicionis
1436 1619 1527 1682 cuius

263 1728 341 1790 vitre
366 1742 397 1789 et
421 1727 567 1808 pectinis,
591 1726 684 1808 jurati
716 1726 992 1808 adjudicaverunt,
1023 1728 1111 1809 quod
1142 1746 1221 1788 uxor
1252 1726 1352 1808 ipsius
1377 1725 1525 1807 Gregorii

264 1834 360 1896 debet
383 1847 522 1915 prestare
547 1833 762 1916 juramentum
789 1834 954 1896 mettercia
978 1834 1038 1894 sibi
1056 1833 1217 1895 similibus
1241 1831 1319 1894 feria
1343 1847 1428 1896 sexta
1453 1852 1525 1914 pro·

263 1941 348 2002 xime
381 1955 524 2019 ventura,
549 1941 636 2022 quod
669 1941 735 2023 ipsa
769 1960 833 2002 non
866 1953 913 2001 est
944 1940 1070 2002 conscia
1103 1940 1134 2001 in
1167 1938 1353 2022 perdicione
1385 1940 1525 2021 predicte

264 2046 341 2108 vitte
365 2061 395 2107 et
420 2066 524 2127 neque
549 2047 615 2128 ipsa
640 2046 768 2129 recepit.

371 2152 448 2214 Item
473 2153 505 2214 in
523 2172 618 2214 causa
642 2152 780 2233 quadam
799 2150 1035 2213 interieccionis
1057 2150 1223 2212 cuiusdam
1240 2150 1381 2213 hominis
1405 2151 1436 2212 in
1454 2151 1525 2212 vico

264 2258 464 2338 Latinorum,
489 2258 607 2320 nobilis
632 2257 800 2319 Ladislaus
824 2258 862 2319 de
889 2257 1024 2319 Biztricz
1056 2258 1096 2318 ad
1121 2258 1237 2319 trinam
1263 2258 1472 2319 vocacionem
1495 2269 1525 2317 et

261 2365 303 2428 ad
327 2364 435 2447 plures
459 2366 499 2426 ad
523 2365 705 2448 predictum
731 2363 888 2445 judicium
913 2381 978 2425 non
1002 2364 1090 2427 venit
1114 2382 1218 2446 neque
1243 2363 1339 2426 misit.
