3502 5264
613 357 701 414 Anno
723 365 810 430 1521.
834 387 878 398 —
900 367 930 414 2.
954 353 1080 427 augusti.

639 564 830 627 Valentinus
857 577 968 626 sartor.

640 671 830 732 Valentinus
855 690 989 752 pugnat.

640 776 800 858 Georgius
823 776 936 839 lanius.

640 883 796 944 Martinus
819 881 933 945 lanius.

640 989 765 1053 Blasius
788 989 905 1051 lanius.

641 1096 802 1158 Johannes
827 1094 993 1158 Horwath.

641 1200 837 1264 Laurentius
861 1199 1071 1283 Grosethych.

640 1307 850 1391 Bolphangus
874 1307 986 1372 lanius.

639 1414 764 1476 Blasius
787 1428 886 1476 sutor.

636 1521 743 1583 Bosko
766 1533 865 1582 sutor.

637 1625 851 1708 Sthephycha.

638 1733 784 1794 Andreas
806 1750 906 1813 gener
930 1731 1044 1792 Zobar.

638 1837 815 1920 Gregorius
838 1837 1074 1921 Zwonychych.

256 2059 349 2134 feria
379 2067 476 2133 sexta
502 2057 655 2149 proxima
683 2062 716 2129 in
745 2059 862 2147 vigilia
892 2057 983 2129 Petri
1012 2064 1044 2129 et
1074 2055 1167 2127 Pauli
1198 2057 1440 2145 apostolorum.

749 2207 818 2289 (28.
833 2207 944 2289 ῥιπαὶ).

322 2352 482 2434 Georgius
505 2349 664 2414 aurifaber
688 2365 798 2413 contra
823 2350 958 2412 Elenam
984 2349 1208 2433 Mezarycham
1232 2350 1338 2431 primo
1362 2350 1478 2413 citatus

217 2480 281 2522 non
306 2459 496 2542 comparuit.

260 2660 356 2734 Feria
385 2668 483 2734 sexta
511 2657 664 2749 proxima
701 2666 776 2748 post
810 2659 930 2730 festum
961 2659 1178 2730 visitationis
1205 2656 1301 2728 beate
1328 2655 1433 2728 ilaris

766 2784 921 2870 virginis.

767 2938 809 3009 (5.
825 2935 923 3010 julat).

323 3074 460 3137 Mathias
496 3071 638 3136 Kowach
674 3072 715 3135 ad
750 3073 938 3135 instanciam
972 3071 1128 3135 Johannis
1158 3071 1317 3134 tributarii
1350 3071 1474 3135 domini

217 3180 360 3263 episcopi
385 3179 582 3241 rosoniensis
605 3179 710 3260 primo
734 3179 847 3239 citatus
871 3197 936 3239 non
961 3178 1151 3261 comparuit.

420 3379 517 3453 Feria
545 3387 643 3452 sexta
671 3388 751 3451 ante
778 3380 902 3453 festum
930 3381 972 3451 ad
1002 3378 1141 3452 Vincula
1170 3380 1272 3452 Petri.

752 3530 821 3608 (26.
837 3533 937 3612 julii).

322 3678 444 3740 Relicta
469 3675 756 3759 Zabochkowycha
781 3692 891 3740 contra
916 3696 1049 3740 uxorem
1077 3677 1173 3739 Blasii
1199 3677 1475 3755 molendinatoris,

222 3784 359 3846 Emerici
386 3784 514 3862 literati,
537 3783 643 3864 primo
667 3783 760 3844 citata
777 3802 842 3845 non
867 3783 1056 3866 comparuit.

519 3982 615 4056 Feria
644 3990 744 4056 sexta
773 3990 850 4055 ante
879 3976 984 4055 llarie
1011 3984 1050 4055 ie
1079 3982 1169 4055 Nive.

737 4134 782 4215 (2.
806 4136 950 4215 augum).

321 4276 458 4338 Mathias
481 4275 612 4358 pellifex
635 4276 676 4338 ad
710 4276 898 4338 instanciam
932 4275 1091 4336 Francisci
1116 4272 1269 4336 aurifabri
1302 4275 1407 4356 primo
1430 4275 1474 4336 ci·

214 4397 297 4443 tatus
321 4403 385 4444 non
411 4384 600 4464 comparuit.

322 4488 446 4550 Eodem
472 4489 523 4549 die
548 4486 744 4569 Wolfangus
773 4484 912 4548 carnifex
945 4485 984 4546 ad
1011 4486 1199 4547 instanciam
1232 4484 1363 4567 Georgii
1396 4485 1472 4549 Car-

214 4608 308 4656 neote
333 4594 439 4675 primo
462 4594 577 4655 citatus
601 4613 665 4654 non
690 4592 881 4675 comparuit.

321 4700 445 4763 Eodem
470 4700 523 4762 die
557 4701 692 4784 Symoni
722 4698 814 4761 fabro
845 4697 938 4759 datus
968 4711 1015 4759 est
1038 4698 1193 4760 terminus
1222 4697 1263 4760 ad
1286 4699 1472 4762 instanciam

217 4806 304 4870 Luce
328 4805 489 4890 selliparis
514 4820 548 4869 ut
571 4806 603 4869 in
627 4805 733 4889 primo
755 4803 877 4888 judicio
900 4803 1015 4867 debeat
1037 4804 1242 4886 respondere.
