3502 5264
250 358 313 421 234
641 341 728 398 Anno
758 352 848 417 1524.
871 373 916 384 -
937 353 967 400 2.
992 342 1118 415 augusti.

248 564 320 632 post
343 548 459 612 festum
478 551 561 613 beati
581 550 754 631 Augustini
772 550 913 633 episcopi
932 565 962 612 et
979 549 1181 627 confessoris,
1203 551 1284 611 inter
1302 550 1515 612 Benedictum

246 672 400 720 sartorem
426 672 457 721 et
483 658 648 720 Matheum
674 657 815 740 Modych
840 659 982 720 seniores
1008 658 1130 740 judices
1154 659 1350 721 sentenciam
1374 658 1512 720 omnino

246 766 467 847 approbarunt
491 779 522 826 et
548 763 787 827 confirmarunt.
815 765 900 826 Idem
927 764 1075 827 Matheus
1098 784 1163 826 non
1188 779 1358 826 contentus
1380 764 1420 825 ad
1447 783 1514 825 ma·

247 872 382 954 gistrum
408 871 669 933 thavetnicorum
694 871 879 952 appellavit.

353 977 430 1038 Item
457 975 535 1039 feria
559 990 644 1042 sexta
664 990 735 1058 post
760 975 877 1038 festum
896 977 979 1038 beati
1004 977 1103 1038 Marci
1121 977 1336 1059 ewangeliste.
1360 976 1394 1036 ln
1419 994 1514 1037 causa

247 1083 329 1145 inter
361 1084 490 1145 Petrum
522 1084 694 1160 literatum,
719 1097 752 1144 ut
786 1096 938 1160 actorem,
970 1098 1000 1144 et
1026 1084 1217 1145 Michaelem
1252 1081 1440 1167 Optasnych
1465 1082 1514 1164 ju-

246 1189 350 1250 dicem
380 1203 411 1250 et
442 1189 622 1250 lohannem
656 1189 886 1271 Lonchyarych
921 1189 1078 1250 decanum
1104 1190 1259 1266 eiusdem,
1284 1202 1318 1251 ut
1342 1189 1512 1250 videbatur

246 1315 328 1374 reos,
361 1295 510 1356 concives
541 1309 685 1374 nostros,
717 1310 847 1376 propter
878 1296 1040 1376 quendam
1072 1296 1202 1357 stallum
1235 1315 1291 1377 per
1322 1295 1426 1377 ipsum
1459 1295 1514 1356 lo·

247 1400 386 1462 hannem
412 1400 644 1485 Lonchyarych
669 1401 709 1461 ad
729 1401 915 1462 mandatum
943 1400 1108 1462 Michaelis
1125 1400 1315 1484 Oprasnych
1331 1415 1407 1462 tunc
1431 1416 1512 1462 tem·

248 1526 325 1589 pore
342 1507 458 1587 judicis
481 1506 574 1570 eferri
589 1507 629 1569 de
646 1508 778 1568 ecclesia
804 1508 1022 1583 commissum,
1039 1508 1114 1589 quia
1140 1508 1206 1584 ipse
1231 1507 1369 1569 Michael
1394 1506 1515 1589 Opras·

245 1612 327 1697 nych
360 1631 442 1674 onus
472 1614 513 1674 ad
537 1633 569 1674 se
594 1613 775 1694 assumpsit,
799 1612 891 1691 jurati
924 1613 1149 1692 adjudicarunt
1172 1627 1207 1675 ut
1230 1614 1367 1675 Michael
1393 1612 1513 1696 Optas-

245 1717 329 1801 nych
361 1718 394 1779 id
426 1719 506 1779 bene
539 1716 641 1780 facere
681 1718 786 1800 potuit
819 1732 849 1778 et
888 1718 1066 1779 Iohannem
1107 1720 1290 1800 expeditum
1324 1718 1402 1781 fore.
1436 1719 1512 1781 Pre-

246 1838 333 1887 tetea
357 1824 433 1906 quia
457 1822 598 1906 prefatus
631 1823 768 1885 Michael
802 1823 990 1907 Oprasnych
1023 1824 1127 1905 ipsum
1160 1825 1289 1886 Petrum
1318 1825 1510 1907 appellasset

247 1929 412 1992 infidelem
436 1929 515 2007 fore,
540 1930 628 2012 quod
652 1950 684 1990 se
709 1930 919 2012 probaturum
952 1932 1173 2011 compromisit
1196 1933 1238 1993 ob
1264 1931 1324 1993 hoc
1348 1931 1510 2009 videlicet,

246 2036 335 2118 quod
362 2056 435 2098 cum
460 2036 602 2117 quodam
627 2051 772 2117 tempore
790 2035 893 2097 dictus
917 2035 1028 2097 Petrus
1045 2036 1188 2097 literatus
1204 2035 1315 2098 fuisset
1343 2035 1511 2098 familiaris

245 2143 487 2205 tricesimatoris
519 2142 550 2202 in
586 2142 746 2203 tricesima
779 2141 976 2221 zagrabiensi
1010 2141 1146 2203 condam
1180 2142 1334 2204 iohannis
1358 2142 1509 2225 Gywlay,

243 2249 436 2311 tricesimam
455 2263 562 2310 autem
582 2247 742 2328 Georgius
763 2248 867 2308 Strese
892 2247 991 2308 nileni
1009 2264 1040 2310 et
1057 2248 1222 2309 Balthasar
1245 2249 1285 2310 de
1301 2248 1407 2330 Alaph
1433 2249 1508 2310 bani

245 2356 285 2418 de
310 2356 424 2437 Jaycza
450 2354 673 2436 potencialiter
696 2354 859 2427 tenebant,
891 2373 965 2413 cum
990 2366 1097 2414 tamen
1130 2354 1253 2435 regales
1276 2374 1390 2415 omnes
1412 2355 1508 2415 trice·

243 2462 341 2522 simas
365 2462 455 2542 regni
481 2460 636 2521 Slauonie
668 2459 796 2520 Thome
821 2458 928 2540 Zechy
960 2475 991 2520 et
1023 2459 1161 2520 lohanni
1194 2459 1334 2543 Gywlay
1365 2460 1508 2538 dederat,

244 2588 301 2629 nec
326 2583 434 2630 tamen
453 2566 493 2628 de
513 2567 662 2627 manibus
678 2565 867 2626 eorumdem
886 2580 1033 2647 poterant
1050 2564 1181 2647 pacifice
1205 2586 1375 2648 occupare,
1392 2566 1509 2628 eodem

243 2690 351 2736 autem
376 2689 521 2754 tempore
546 2673 650 2733 dictus
675 2672 785 2733 Petrus
811 2673 954 2733 literatus
981 2691 1140 2732 unacum
1166 2672 1261 2734 Petro
1285 2672 1507 2754 Wragowych

244 2781 275 2842 in
300 2781 427 2842 civitate
452 2779 626 2853 habitabat,
650 2797 790 2859 cumque
815 2776 988 2838 familiares
1012 2777 1141 2837 Thome
1166 2777 1274 2860 Zeehy
1298 2793 1330 2839 et
1353 2776 1511 2838 lobannis

245 2886 382 2969 Gywlay
408 2887 446 2946 ad
472 2884 693 2965 occupandam
718 2884 911 2944 tricesimam
937 2884 1107 2959 venissent,
1131 2898 1207 2944 tunc
1232 2883 1345 2944 Petrus
1368 2883 1508 2962 Wrago·

245 2992 338 3075 wych
364 3009 394 3053 et
419 2993 470 3073 pie
495 2991 650 3051 memorie
667 2989 804 3050 condam
824 2989 941 3049 Sowan
970 2990 1074 3070 ipsum
1092 2989 1220 3050 Petrum
1245 2990 1419 3066 literatum,
1436 3007 1504 3072 quo

244 3099 378 3160 liberius
402 3111 508 3179 posset
532 3097 649 3156 hahere
682 3097 859 3175 ingressum
884 3094 924 3155 ad
956 3110 1082 3174 portam
1113 3096 1250 3155 civitatis
1272 3095 1505 3177 premisissent,

244 3223 385 3285 cumque
410 3203 522 3264 Petrus
540 3202 684 3262 literatus
702 3215 786 3262 extra
805 3215 929 3282 portam
947 3201 1084 3261 civitatis
1100 3201 1226 3277 exisset,
1246 3202 1511 3282 supervenientes

243 3309 416 3374 familiares
441 3307 594 3388 prefatam
620 3308 753 3387 ingressi
778 3307 938 3366 civitatem
967 3306 1159 3366 tricesimam
1184 3322 1442 3387 occupaverunt;
1466 3327 1506 3368 ex

243 3417 378 3477 adverso
403 3431 510 3475 autem
537 3415 648 3474 Petrus
679 3413 822 3473 literatus
855 3413 994 3483 dicebat,
1025 3413 1113 3491 quod
1138 3413 1163 3472 si
1188 3411 1356 3472 familiaris
1379 3413 1508 3474 domini

242 3524 290 3582 sui
316 3541 355 3582 eo
379 3521 478 3581 modo
503 3540 567 3579 non
601 3534 706 3599 posset
740 3520 840 3578 eciam
874 3538 930 3599 pet
963 3537 1090 3577 murum
1123 3519 1345 3589 intromittere,
1377 3520 1421 3578 oh
1443 3518 1506 3580 hoc

243 3628 335 3695 iurati
361 3629 466 3688 taliter
489 3627 724 3700 adjudicarunt,
748 3626 824 3704 quia
858 3625 968 3684 Petrus
1000 3625 1143 3685 literatus
1167 3640 1242 3684 tunc
1265 3625 1422 3704 temporis
1446 3644 1506 3686 nec

242 3750 307 3795 erat
340 3735 418 3794 citis
450 3753 507 3792 nec
540 3733 670 3802 iuratus,
699 3751 757 3790 nec
789 3730 949 3810 quidquid
982 3730 1107 3808 negocii
1141 3728 1294 3790 habuerat
1320 3731 1508 3793 incivitate

241 3841 297 3899 sed
322 3855 388 3899 erat
413 3837 579 3899 familiaris
603 3837 758 3896 lobannis
783 3835 920 3916 Gynlay
943 3837 986 3893 oh
1010 3836 1070 3894 hoc
1094 3836 1234 3894 eundem
1259 3855 1324 3895 non
1348 3855 1416 3896 esse
1434 3835 1506 3897 infi-

242 3947 348 4007 delem
375 3945 539 4024 potissime
564 3963 636 4004 cum
663 3959 871 4023 posteaquam
906 3944 935 4000 in
962 3943 1089 4001 civitate
1118 3942 1261 4001 hahitare
1284 3943 1382 4023 cepit,
1408 3941 1509 4004 nichil

242 4054 305 4112 tale
330 4053 405 4131 egit.
432 4086 469 4094 -
499 4049 623 4109 Eodem
656 4050 709 4108 die
735 4048 871 4107 hlichael
897 4047 1085 4127 optususch
1119 4047 1157 4104 de
1183 4047 1303 4107 iudicio
1327 4046 1505 4109 iuratorum

243 4178 307 4218 non
332 4172 503 4217 contentus
526 4174 654 4215 eausam
681 4156 781 4234 ipsam
806 4153 846 4212 ad
872 4150 994 4213 iudices
1016 4153 1159 4211 seniores
1183 4154 1366 4232 appellarit.

365 4387 458 4463 letis
488 4394 594 4462 tercia
624 4408 697 4478 post
729 4391 850 4459 festum
879 4392 974 4457 beate
1004 4387 1094 4456 sune
1124 4390 1245 4456 mattis
1275 4388 1387 4457 llarie.

784 4557 813 4599 2,
838 4558 954 4607 seques:
972 4587 979 4597 .

349 4688 501 4749 Seniores
524 4686 646 4753 iudices
668 4685 866 4744 sentenciam
892 4684 923 4740 in
952 4699 1046 4740 causa
1078 4686 1161 4740 inter
1184 4680 1314 4742 Petrum
1339 4682 1504 4745 literatum

242 4810 273 4857 et
298 4792 490 4857 &ficheclem
514 4790 708 4872 Optasnych
732 4807 789 4869 pet
811 4786 921 4848 omnia
938 4782 1218 4846 confirmaverunt.
1241 4818 1285 4830 -
1309 4784 1436 4848 Eodem
1450 4786 1507 4851 die
