3502 5264
575 333 774 408 Anno1519.
801 365 840 375 -
865 345 916 410 24.
932 334 1083 406 junuarii.
1398 350 1460 415 209

312 543 464 605 Ultimate
489 542 761 621 concludendum,
778 543 867 625 quod
884 541 1005 625 prefata
1023 542 1154 605 domina
1179 542 1343 606 Dorothea
1359 563 1460 626 usque

202 649 457 731 carnisprivium
490 668 562 711 curn
594 647 683 711 affini
714 668 773 711 suo
807 667 991 730 comparere
1023 648 1155 711 debebit
1184 662 1215 710 et
1238 663 1370 712 tractare
1402 669 1458 733 pa·

204 757 278 817 riter
302 774 360 838 pro
391 756 527 837 pecunia
559 754 738 838 specificata
769 756 820 817 vel
856 775 959 836 usque
991 754 1258 836 carnisprivium,
1289 774 1364 818 casu
1394 775 1461 837 quo

203 863 306 922 dictus
331 860 436 923 affinis
468 881 540 923 cum
576 862 688 924 eadem
722 863 939 940 constitueret,
976 863 1031 924 ubi
1063 881 1139 923 vero
1174 881 1280 944 neque
1311 863 1461 925 constitui

202 987 304 1049 usque
329 968 582 1049 Carnisprivium
615 982 733 1052 posset,
766 982 797 1030 et
829 987 934 1050 neque
959 967 1113 1050 prefatam
1145 968 1314 1049 pecuniam
1339 967 1461 1049 prefato

202 1074 400 1136 Bernardino
425 1075 559 1136 reddere
583 1088 701 1156 posset,
733 1088 849 1136 extunc
882 1075 994 1155 elapso
1018 1071 1142 1155 prefato
1172 1074 1309 1135 termino
1334 1072 1461 1136 Carnis·

200 1181 305 1262 privii,
330 1181 490 1262 assignato
514 1180 578 1242 alio
602 1181 742 1243 termino
766 1199 823 1263 per
847 1198 905 1242 nos
922 1179 1058 1240 arbitros
1082 1177 1120 1239 ad
1138 1177 1320 1240 reddendos
1344 1193 1375 1241 et
1398 1179 1460 1241 sol·

199 1287 322 1347 vendoa
346 1285 484 1367 prefatos
508 1286 743 1368 quinquaginta
768 1285 850 1346 duos
882 1285 962 1363 flor,
993 1285 1080 1366 quod
1106 1285 1130 1345 si
1156 1284 1258 1346 nollet
1281 1300 1336 1346 aut
1361 1286 1460 1367 negli-

198 1406 288 1472 geret
311 1391 362 1453 vel
387 1411 452 1454 non
477 1406 612 1469 curaret,
636 1392 745 1474 elapso
769 1392 918 1473 proximo
949 1391 1088 1452 termino
1120 1409 1176 1472 per
1201 1390 1337 1452 arbitros
1361 1390 1461 1473 depu-

199 1510 277 1573 tato,
302 1495 422 1579 prefata
440 1497 572 1560 domina
598 1496 761 1559 Dorothea
779 1512 809 1558 et
831 1497 965 1559 domurn
983 1515 1073 1558 suam
1099 1497 1263 1558 ruinosam
1287 1510 1318 1557 et
1335 1497 1460 1558 vineam

199 1622 234 1664 ac
259 1603 321 1664 alia
340 1605 424 1664 bona
443 1604 587 1666 eiusdem
613 1623 672 1687 pro
688 1602 818 1686 prefatis
835 1603 1068 1685 quinquaginta
1087 1602 1214 1663 duobus
1230 1601 1299 1664 flor.
1323 1601 1460 1663 liberum

200 1708 344 1789 permisit
368 1725 422 1770 aut
447 1710 630 1772 vendicioni
648 1729 808 1792 exponere
832 1724 886 1771 aut
902 1728 961 1792 pro
989 1728 1022 1770 se
1039 1709 1109 1790 ipso
1133 1728 1312 1784 reservare;
1337 1709 1460 1790 adque

199 1816 309 1875 omnia
334 1828 364 1876 et
388 1817 515 1897 singula
541 1837 573 1877 se
598 1830 710 1899 sponte
734 1816 774 1878 ad
801 1815 832 1876 id
857 1815 1023 1896 obligavit.

762 1941 892 2001 Arbitri.

665 2063 802 2126 Michael
827 2065 980 2126 literatus.

660 2168 744 2230 lwan
769 2169 920 2234 decanus.

664 2275 844 2358 Stephanus
867 2274 1037 2338 aurifaber.

662 2381 851 2442 Valentinus
874 2379 1025 2463 frenipar.
