3502 5264
241 495 421 504 -—--

240 602 375 677 ablatis;
401 601 485 662 idern
512 602 694 663 Demetrius
730 602 854 683 Syczky
885 615 957 683 post
988 601 1228 682 deposicionem
1262 603 1505 683 quintodecimo

241 706 290 767 die
316 706 356 770 de
380 708 533 768 otnnibus
561 706 744 782 satisfaciat,
776 708 907 788 insuper
939 707 1024 768 idern
1050 707 1232 769 Demetrius
1256 722 1365 770 contra
1393 707 1504 770 Fabiu·

240 832 317 874 nurn
344 813 516 896 pellificent
542 814 708 876 convictus
740 814 873 876 hebetur
898 815 929 875 in
955 834 1017 875 unu
1050 814 1216 896 potencia;
1241 814 1281 875 de
1306 815 1503 896 quaquidem

239 918 484 1001 adjudicucione
511 919 652 1002 prelatus
676 919 859 982 Demetrius
891 920 1016 1003 Syczky
1049 939 1113 981 non
1137 935 1307 982 contentus
1331 920 1506 1003 appellavit

240 1025 281 1088 ad
307 1026 495 1109 magistrum
520 1026 802 1089 thuwernicorum.

407 1247 489 1320 ltem
518 1248 670 1334 sabbato,
698 1250 752 1320 die
779 1256 858 1321 aule
885 1248 1008 1321 festum
1036 1249 1126 1320 beati
1157 1246 1325 1320 Anthonii.

740 1417 803 1496 (16.
820 1423 986 1497 januarii).

347 1576 425 1638 ltent
457 1596 550 1638 causa
585 1577 667 1639 inter
697 1577 904 1640 Valentinum
937 1578 1016 1639 alias
1040 1577 1179 1658 judicem
1205 1590 1235 1638 et
1267 1576 1372 1637 Elium
1406 1575 1501 1636 freni·

240 1702 349 1765 purem
374 1683 502 1744 racione
525 1683 693 1745 cuiusdam
718 1684 849 1746 lesionis
873 1702 946 1745 curn
971 1684 1053 1765 pede
1077 1683 1115 1745 ad
1142 1683 1269 1765 pedem,
1293 1682 1435 1744 seniores
1452 1681 1498 1762 ju·

240 1789 328 1850 dices
352 1789 392 1850 ita
417 1788 693 1869 adjudicaverunt,
718 1791 804 1870 quod
837 1790 1028 1851 Valentinus
1060 1789 1154 1870 judex
1179 1788 1219 1850 ud
1245 1787 1357 1850 leriam
1381 1802 1502 1849 sextam

240 1895 420 1978 proximent
445 1896 477 1956 in
502 1916 555 1957 arn
579 1911 685 1958 sancte
711 1896 824 1958 Crucis
847 1896 1075 1958 secundusmet
1099 1896 1315 1978 juramentum
1341 1895 1503 1976 deponere

239 2001 380 2079 hebebit,
405 2001 493 2082 quod
512 2002 599 2063 Elias
624 2003 765 2084 frenipar
781 2002 922 2064 eundern
939 2003 1119 2064 voluntarie
1136 2021 1208 2064 curn
1231 2002 1313 2084 pede
1331 2001 1371 2062 ad
1388 1999 1503 2082 pedem

239 2107 410 2188 percussit3
434 2107 459 2167 si
484 2106 600 2189 jurabit
619 2108 703 2169 idem
727 2108 928 2186 Valentinus,
952 2123 1067 2170 extunc
1093 2107 1233 2189 prelatus
1258 2107 1345 2167 Elias
1363 2105 1504 2187 primum

240 2214 366 2275 medico
390 2213 572 2292 satisfaciat,
595 2229 708 2297 etpost
732 2216 833 2276 eciam
858 2216 898 2276 sit
922 2217 1088 2277 convictus
1112 2211 1235 2297 prefato
1259 2213 1432 2274 Valentino
1458 2211 1504 2288 ju·

239 2318 301 2381 dici
327 2319 360 2381 in
384 2339 447 2381 una
473 2339 589 2398 marca,
613 2340 650 2382 ex
668 2340 733 2402 quo
757 2335 865 2383 autern
884 2321 943 2382 luit
967 2321 1073 2402 judex,
1098 2320 1263 2382 convictus
1287 2319 1375 2381 sitin
1393 2318 1505 2400 duplo.
