3502 5264
245 344 302 405 118
602 345 687 402 Anno
709 354 800 422 1497.
826 377 866 387 -
892 353 937 420 17.
961 346 1130 406 novembris.

240 555 347 638 itaque
372 555 567 618 Valentinus
591 556 622 617 in
647 575 784 639 persona
807 557 913 618 uxoris
930 577 986 618 sue
1012 576 1141 619 causam
1164 558 1341 641 predictam
1364 572 1506 644 exparte

242 663 391 747 potencie
415 663 590 748 appellavit
612 664 652 725 ad
678 663 829 726 seniores.

469 899 562 975 Feria
593 901 698 975 tercia
725 910 803 976 ante
830 903 955 976 festum
983 906 1073 977 beati
1101 903 1285 978 Thiburcii.

761 1055 824 1136 (11.
855 1058 982 1135 aprilis).

353 1216 458 1279 Causa
483 1216 566 1281 inter
590 1216 753 1279 Andream
780 1217 911 1279 Mosnar
942 1231 973 1279 et
1000 1216 1188 1281 Gurkonem
1213 1232 1354 1282 sutorem
1380 1218 1508 1282 racione

242 1321 331 1384 niam
353 1323 485 1402 acionis,
509 1323 622 1386 citacio
646 1324 760 1406 prima,
784 1343 848 1385 non
874 1325 1064 1407 comparuit.

353 1430 457 1493 Causa
482 1430 564 1494 inter
595 1431 752 1493 Jacobum
782 1431 965 1514 Bekethych
997 1446 1029 1494 et
1054 1432 1189 1495 Paulum
1220 1432 1372 1513 judicem,
1396 1431 1510 1494 citacio

249 1538 400 1601 secunda.

356 1646 461 1709 Causa
486 1646 567 1707 inter
592 1645 730 1708 Katham
765 1647 934 1709 mulierem
967 1661 999 1710 et
1023 1647 1214 1709 Michaelem
1247 1646 1440 1731 freniparem
1464 1668 1510 1711 ra·

247 1754 339 1816 aione
364 1752 588 1834 percussionis,
613 1753 727 1814 citacio
752 1754 865 1835 prima,
890 1773 956 1815 non
979 1755 1168 1836 comparuit.

356 1860 461 1922 Causa
486 1859 568 1921 inter
594 1859 769 1921 Maricham
794 1860 939 1923 relictam
964 1876 995 1922 et
1012 1859 1211 1943 Stephanum
1237 1860 1444 1941 Francheich,
1468 1862 1510 1924 ci·

249 1968 332 2031 tacio
355 1966 506 2045 secunda,
531 1986 595 2028 non
620 1967 811 2048 comparuit.

352 2074 456 2136 Causa
471 2074 553 2135 inter
570 2073 772 2135 Demetrium
792 2072 954 2156 Ribarych
971 2088 1001 2133 et
1019 2073 1181 2134 Andream
1201 2073 1332 2135 Mosnar
1354 2094 1391 2135 oc
1408 2074 1510 2137 Math-

248 2184 365 2243 konent
399 2180 618 2262 Pongrachich
651 2181 780 2242 racione
820 2180 1038 2258 detencionis‚
1071 2180 1125 2241 ubi
1159 2178 1272 2263 prefati
1305 2180 1450 2242 Andreas
1481 2195 1513 2243 et

253 2288 385 2351 Matbko
410 2303 538 2370 propter
562 2287 665 2349 minas
698 2287 811 2349 mortis
842 2287 982 2349 eundem
1007 2286 1225 2364 detinuerunt,
1256 2287 1343 2368 quod
1368 2287 1401 2348 in
1425 2301 1512 2369 parte

251 2396 426 2477 probarunt
450 2393 600 2455 videlicet
625 2393 713 2475 quod
739 2394 879 2455 minatus
911 2393 1017 2455 eidem
1043 2392 1210 2455 Mathkoni
1235 2391 1346 2455 fuisset
1367 2393 1424 2455 sed
1447 2413 1512 2456 oon

255 2500 401 2567 Attdree:
426 2514 456 2562 et
481 2519 518 2561 es
544 2519 609 2581 quo
634 2500 774 2561 eundem
798 2500 866 2561 sine
891 2519 1041 2582 processu
1066 2499 1143 2578 juris
1165 2499 1304 2561 eundem
1329 2500 1434 2562 statim
1458 2500 1512 2562 de·

250 2607 344 2669 tineri
370 2605 523 2685 iecerunt,
544 2606 681 2667 convicti
698 2620 773 2668 sunt
797 2621 905 2667 contra
923 2607 1061 2667 eundem
1081 2605 1280 2668 Demetrium
1306 2606 1337 2667 io
1361 2605 1513 2688 homagio

253 2714 345 2781 simu
370 2710 482 2796 prefati
508 2731 584 2774 sero
609 2712 754 2773 Andreas
777 2726 808 2772 et
832 2712 964 2774 biatbko
982 2732 1046 2774 non
1071 2712 1213 2774 contenti
1230 2711 1271 2772 de
1296 2711 1415 2790 judicio
1430 2711 1512 2793 jura·

251 2837 359 2884 torum
384 2839 511 2882 csussm
536 2820 636 2902 ipsam
661 2820 701 2881 ad
725 2820 868 2881 seniores
890 2820 1145 2902 appellaverunt.

357 2928 463 2991 Causa
490 2927 571 2988 inter
595 2926 765 2988 Nicolaum
799 2925 993 3008 freniparem
1022 2940 1053 2988 et
1085 2945 1217 2987 uxorem
1242 2923 1374 3006 Georgii
1398 2925 1515 2986 sutoris

253 3035 380 3096 recianus
405 3049 560 3101 tusorum.
584 3033 638 3093 ubi
662 3032 727 3115 ipse
745 3033 899 3094 Nicotaus
921 3034 1055 3094 asseruit
1071 3032 1160 3114 quod
1182 3046 1285 3094 certas
1299 3046 1387 3092 taxas
1409 3031 1513 3111 regias

251 3140 409 3205 solvisset.
433 3155 463 3201 et
487 3138 575 3220 quod
593 3136 713 3221 prefata
732 3158 811 3200 uxor
824 3140 900 3200 dicti
918 3138 1051 3220 Georgii
1076 3138 1292 3220 spondidisset
1308 3137 1369 3198 sibi
1392 3135 1511 3199 medie·

252 3262 348 3308 tatem
365 3246 490 3307 soluere
515 3246 654 3327 ipsorum
672 3260 828 3322 tatarum,
849 3265 912 3327 oue
929 3246 1069 3326 negavit.
1094 3245 1168 3307 ideo
1192 3244 1316 3327 ipsud
1339 3242 1513 3305 secundam

255 3352 367 3414 t'erism
385 3352 487 3413 iurare
512 3351 653 3417 debebit.
670 3351 758 3432 qtrttd
783 3352 888 3413 eidem
907 3372 971 3413 aton
990 3352 1136 3434 promisit
1153 3351 1275 3413 nuliam
1292 3350 1514 3425 solucionem

251 3460 277 3519 si
303 3460 463 3527 iuraverit.
488 3472 563 3519 tuuc
581 3458 679 3518 libera
696 3458 766 3525 crit.
790 3458 814 3518 si
833 3478 909 3518 tero
933 3478 1010 3523 non.
1026 3474 1141 3519 extunc
1158 3458 1225 3539 ipse
1241 3456 1395 3518 Nicolaus
1410 3456 1513 3535 jurare

255 3564 385 3626 babebit
417 3580 716 3645 qtrsntttmcumque
747 3564 835 3625 dedit
866 3565 905 3624 sd
937 3565 1138 3626 solucionem
1170 3565 1327 3625 dictarum
1358 3578 1514 3639 tuarum,

255 3686 330 3733 tunc
348 3671 414 3753 ipsa
431 3670 637 3733 medietatem
654 3670 780 3732 solt-ere
797 3670 945 3735 debebit:
963 3672 1017 3731 ubi
1035 3672 1129 3732 ambe
1145 3686 1251 3751 partes
1266 3684 1415 3731 contente
1429 3682 1514 3730 sunt.

399 3906 494 3981 ieris
522 3922 619 3979 setta
645 3908 799 3997 prosius
829 3922 908 3979 sate
936 3908 1057 3979 testum
1086 3910 1183 3978 beste
1211 3906 1392 3979 iiirsbetb.

838 4044 1024 4101 ‹sanae-:st

358 4185 465 4247 atauo
491 4188 571 4247 iuter
596 4186 801 4245 b'sieutumm
835 4181 1028 4265 t'renipsrem
1054 4199 1084 4244 et
1110 4182 1215 4244 Eiisnt
1247 4182 1396 4244 similiter
1418 4179 1515 4243 ficui·

254 4312 377 4373 petent.
399 4308 514 4353 estsexe
537 4292 688 4357 sesamis.
712 4312 776 4352 :tote
802 4308 993 4352 <aretinarum

361 4398 468 4459 t'sttss
492 4417 555 4475 etse
588 4400 769 4459 sertebsttrr
800 4414 882 4458 ister
915 4398 1095 4457 temonem.
1119 4395 1222 4457 titium
1255 4395 1436 4457 Domkonis
1457 4394 1516 4457 Sa·

255 4504 376 4587 brusch
401 4520 430 4564 e:
457 4504 643 4564 letissisttm
663 4504 829 4567 iiornst'n.
854 4506 907 4563 ub:
934 4504 1019 4563 idem
1039 4502 1205 4563 ladislaus
1221 4502 1423 4583 proponebat
1436 4519 1517 4583 qun·

255 4610 329 4675 ister
352 4610 483 4671 haberet
510 4610 599 4671 bade
624 4626 724 4671 <estas
749 4610 856 4671 iiterss
886 4612 1005 4691 quibus
1032 4610 1250 4671 ussiitatibus
1276 4624 1369 4669 sentos
1389 4624 1449 4669 sate
1469 4606 1518 4671 le·

254 4732 359 4799 gomet
383 4732 468 4779 uetes
485 4718 582 4785 buta.
606 4718 681 4779 idem
698 4716 804 4778 eidem
823 4716 835 4777 l
850 4714 974 4777 adislao
990 4714 1084 4775 danis
1105 4728 1152 4775 est
1175 4713 1332 4775 meminus
1344 4710 1388 4775 ad
1402 4710 1517 4777 mian

256 4838 378 4887 sestam
403 4824 584 4905 pessimam
613 4836 683 4905 pst
714 4820 911 4884 dominemur
944 4820 1173 4887 Rentiniwete,
1195 4834 1231 4881 ut
1261 4818 1330 4883 iun
1351 4816 1463 4883 onai·
1483 4830 1521 4883 et
