3502 5264
621 296 708 355 Anno
731 311 821 376 1491.
846 331 887 342 -
911 295 964 358 26.
987 299 1119 377 augusti.

771 510 972 571 Benedictus.

769 614 939 696 Georgius.

766 722 879 783 Lucas.

766 825 936 908 Georgius.

770 931 903 1014 Gaspar.

765 1038 958 1102 Anthonius.

770 1145 907 1207 Marcus.

772 1249 943 1331 Georgius.

771 1357 891 1418 Petrus.

771 1462 918 1524 Mathias.

770 1566 893 1630 Gallus.

769 1674 933 1736 Nicolaus.

769 1779 954 1862 Gregorius.

770 1886 977 1950 Laurencius.

770 1992 956 2075 Gregorius.

292 2231 389 2305 Feria
417 2241 515 2304 sexta
544 2237 575 2305 in
605 2235 691 2305 festo
721 2232 808 2304 beati
837 2233 1002 2322 Johannis
1032 2242 1273 2322 anteponam
1302 2235 1455 2306 latinam.

775 2382 822 2459 (6.
853 2385 954 2454 mari).

345 2526 423 2589 ltem
448 2547 541 2589 causa
560 2528 642 2588 inter
659 2525 836 2607 Georgium
862 2526 1060 2608 Wythkoich
1079 2542 1109 2588 et
1127 2527 1334 2589 Valentinum
1358 2528 1502 2590 seniores

238 2631 363 2714 judices
386 2633 516 2694 racione
548 2632 715 2694 cuiusdam
747 2631 861 2711 injurie
890 2633 982 2714 jurati
1015 2632 1282 2711 adjudicaverunt
1305 2634 1360 2695 tali
1392 2633 1503 2713 modo,

239 2741 328 2822 quod
345 2740 536 2801 Valentinus
549 2739 644 2820 judex
662 2739 793 2800 habebit
809 2739 992 2801 terciusmet
1009 2739 1112 2818 jurare
1129 2738 1170 2800 ad
1187 2740 1503 2821 quintumdecimum

239 2846 336 2924 diem,
361 2845 449 2926 quod
475 2844 560 2906 idem
586 2864 650 2906 non
676 2845 754 2906 dixit
779 2845 832 2906 illa
861 2846 958 2906 verba
985 2845 1044 2926 ipsi
1070 2843 1213 2927 Georgio
1236 2844 1435 2928 Wytltltoiclt
1460 2845 1501 2907 ad

238 2951 381 3033 aliquam
406 2952 555 3031 iniuriam
581 2952 631 3012 vel
656 2952 872 3032 calumpniam
891 2951 942 3011 vel
958 2950 1171 3033 vilipendium
1194 2971 1307 3026 suum;
1324 2952 1350 3011 si
1372 2950 1501 3031 jurabit,

238 3071 313 3118 tunc
337 3077 375 3117 ex
400 3076 466 3138 quo
481 3054 641 3137 Georgius
662 3056 859 3138 Wytbkoiclt
885 3056 1024 3119 eundem
1041 3057 1248 3119 Valentinum
1274 3058 1499 3138 captivaverat,

238 3162 402 3225 convictus
426 3176 472 3224 est
495 3163 555 3224 sibi
581 3162 613 3224 in
630 3163 783 3244 homagio
808 3164 900 3238 vivo;
922 3163 1007 3224 idem
1026 3163 1185 3244 Georgius
1210 3162 1408 3246 Wythkoich
1433 3182 1500 3224 non

238 3282 406 3332 contentus
429 3269 603 3351 appellavit
627 3268 667 3329 ad
692 3269 844 3330 seniores.

343 3373 420 3437 ltem
446 3394 539 3436 causa
565 3375 647 3436 inter
675 3374 882 3436 Dominicum
917 3375 1091 3457 Perosvych
1124 3390 1154 3438 et
1178 3373 1355 3455 Georgium
1381 3375 1498 3458 Wyth·

238 3481 334 3544 koiclt
349 3497 480 3564 propter
497 3483 585 3563 quod
603 3480 763 3562 Georgius
780 3481 977 3563 lVythltoich
995 3481 1099 3543 eidem
1119 3482 1281 3542 Domkoni
1299 3482 1343 3543 sic
1361 3480 1502 3559 dixisset,

238 3589 327 3671 quod
353 3590 386 3650 in
410 3588 471 3651 boc
485 3589 664 3651 vertitatem
683 3609 747 3649 non
772 3588 902 3650 dixisset
923 3608 981 3650 nec
999 3589 1087 3665 dixit,
1112 3587 1204 3666 jurati
1221 3587 1500 3666 adjudicaverunt,

237 3694 325 3776 quod
351 3695 492 3777 prelatus
517 3694 707 3756 Dominicus
724 3693 899 3776 Perovvych
921 3694 962 3756 ad
990 3693 1303 3776 quintumdecimum
1328 3693 1413 3754 diem
1445 3693 1500 3753 ha·

236 3802 325 3863 bebit
349 3801 559 3883 comprobare
584 3801 673 3881 quod
696 3800 741 3861 sic
766 3820 831 3861 non
857 3801 946 3863 dixit.

278 4038 374 4112 Feria
402 4047 499 4111 sexta
529 4041 682 4128 proxima
712 4047 789 4110 ante
819 4039 939 4109 festum
969 4037 1058 4109 beati
1088 4035 1266 4126 Augustini
1294 4039 1456 4109 doctoris.

747 4188 812 4265 (26.
836 4190 980 4265 augusti).

342 4333 447 4396 Causa
484 4333 566 4395 inter
601 4334 809 4395 Valentinum
843 4332 982 4408 judicem
1015 4345 1046 4393 et
1079 4332 1203 4392 Jelkam
1236 4349 1369 4392 uxorem
1404 4330 1499 4391 Blasii

237 4439 407 4523 ireniparis
431 4459 487 4522 per
518 4439 667 4501 Thurcos
698 4438 839 4513 abducti,
871 4438 999 4499 racione
1023 4453 1054 4499 et
1086 4452 1229 4519 pretextu
1262 4435 1378 4498 domus
1401 4436 1501 4518 ipsius

237 4546 334 4609 Blasii
359 4560 391 4609 et
414 4565 482 4624 sue,
507 4565 604 4626 quam
630 4547 696 4627 ipsa
722 4545 811 4607 Jelka
836 4543 960 4626 prefato
986 4544 1158 4605 Valentino
1190 4542 1287 4620 judici
1312 4542 1500 4603 vendiderat

236 4651 308 4716 flor.
332 4651 445 4735 viginti
469 4672 524 4714 sex
547 4671 606 4734 pro
629 4651 747 4713 debitis
770 4651 888 4733 quibus
912 4651 978 4731 ipse
1009 4650 1134 4711 Blasius
1157 4649 1319 4730 obligatus
1343 4645 1435 4724 foret,
1459 4647 1499 4707 de

236 4776 302 4843 qua
323 4776 450 4822 summa
474 4756 545 4822 flor.
567 4756 785 4821 vendicionali
811 4755 843 4817 in
874 4771 993 4818 sortem
1020 4755 1120 4840 ipsius
1151 4755 1269 4817 domus
1293 4752 1406 4817 habuit
1429 4753 1501 4819 flor.
