3502 5264
252 357 310 417 106
629 355 831 432 Anno1495.
856 387 896 397 —
922 368 971 431 14.
991 336 1122 428 'augusti

250 568 424 630 Katherina
450 581 560 628 contra
584 564 739 646 prefatam
766 565 932 625 dominam
958 570 1085 625 Annam
1104 585 1194 626 suam
1220 567 1443 629 innocencium
1467 568 1513 630 vi·

246 676 370 756 gesimo
396 689 511 756 quarto
529 692 561 733 se
580 672 745 732 nobilibus
769 685 799 732 et
817 671 965 732 civilibus
990 692 1063 732 cum
1081 672 1275 735 dominabus
1292 672 1433 736 honestis
1449 675 1516 737 auis

247 782 398 843 videlicet
421 779 688 860 conjuratricibus
720 798 895 859 expurgare
930 779 1071 856 deberet,
1097 779 1185 861 quod
1217 781 1242 841 si
1268 779 1371 843 facere
1396 795 1514 864 posset,

246 903 360 950 extunc
386 889 489 949 dictus
508 885 631 967 Gaspar
649 885 836 965 homagium
856 885 954 965 ipsius
971 884 1095 946 solvere
1113 886 1255 964 deberet,
1272 907 1310 948 ex
1335 907 1400 969 quo
1417 888 1513 969 preli·

246 996 356 1055 batum
383 994 551 1054 Albertum
570 992 731 1052 literatum
757 991 788 1051 in
812 1010 948 1072 persona
967 992 1124 1053 consortis
1147 1012 1203 1053 sue
1221 993 1253 1054 in
1277 992 1397 1073 judicio
1415 996 1513 1076 capti·

246 1121 319 1161 vare
346 1114 377 1162 et
401 1100 535 1161 detineri
570 1113 665 1178 atque
690 1097 729 1157 ad
763 1096 997 1158 fideiussoriam
1030 1099 1217 1159 cautionem
1249 1101 1361 1180 viginti
1394 1101 1513 1162 civium

246 1206 362 1267 dimitti
388 1204 526 1280 fecerat3
551 1219 658 1264 tamen
677 1204 771 1264 ambe
797 1217 901 1284 partes
926 1203 995 1283 ipso
1013 1203 1133 1281 judicio
1152 1205 1310 1267 dictorum
1329 1220 1512 1267 nostrorum

245 1312 388 1393 judicum
415 1311 578 1372 seniorum
605 1329 668 1369 non
694 1323 843 1370 contente
861 1329 988 1369 causam
1008 1310 1109 1390 ipsam
1135 1330 1242 1371 coram
1267 1313 1419 1392 magistro
1444 1312 1512 1374 tha·

246 1417 458 1479 avennicorum
484 1416 569 1496 juxta
597 1416 762 1495 antiquam
791 1414 1056 1476 consuetudinem
1082 1416 1176 1477 huius
1209 1417 1345 1479 civitatis
1370 1419 1512 1499 appella·

245 1541 367 1600 verant,
392 1524 626 1604 quamquidem
655 1541 782 1582 causam
810 1521 1043 1582 illustrissimus
1067 1522 1219 1583 dominus
1244 1524 1406 1586 lohannes
1431 1525 1511 1587 Cot·

249 1631 344 1691 uinus
369 1630 537 1711 Oppauie,
572 1628 809 1709 Lipthouieque
843 1627 925 1704 dux,
958 1647 1016 1688 nec
1042 1648 1105 1688 non
1139 1649 1310 1710 regnorum
1337 1631 1512 1710 Dalmacie,

245 1736 379 1798 Croacie
405 1750 464 1797 etc.
490 1738 603 1812 banus,
627 1734 779 1794 dominus
804 1733 953 1794 videlicet
982 1749 1089 1796 noster
1112 1737 1377 1817 graciosissimus‚
1402 1758 1508 1802 coram

245 1856 386 1923 pretacto
412 1841 564 1920 magistro
589 1840 858 1900 thawcrnicorum
886 1840 1098 1902 transmittere
1124 1844 1291 1922 recusavit,
1316 1845 1370 1905 sed
1396 1845 1435 1906 ad
1461 1847 1509 1906 in-

245 1947 397 2009 stanciam
425 1947 499 2008 dicti
526 1945 677 2027 Gasparis
706 1966 761 2027 per
789 1966 864 2006 suos
887 1944 1009 2025 judices
1037 1946 1202 2028 delegatos
1225 1949 1264 2010 ad
1290 1950 1322 2010 id
1341 1953 1511 2033 deputatos

245 2054 285 2114 de
311 2074 396 2114 novo
421 2053 575 2130 revidere,
601 2052 851 2133 adjudicareque
884 2067 913 2113 et
946 2051 1082 2114 finaliter
1106 2055 1221 2115 discuti
1246 2057 1424 2132 commisit;
1451 2059 1508 2139 qui

244 2160 373 2221 tandem
400 2160 505 2241 ipsum
537 2159 752 2239 juramentum
788 2159 871 2219 dicte
904 2158 1035 2219 domine
1069 2158 1242 2222 Katherine
1268 2162 1383 2224 eodem
1409 2164 1510 2225 modo

246 2281 341 2347 prout
365 2286 420 2347 per
438 2265 559 2345 judices
583 2266 725 2326 seniores
743 2265 837 2325 huius
850 2265 987 2326 civitatis
1004 2279 1205 2346 compertum
1224 2265 1326 2328 fuerat
1350 2267 1510 2348 readjudi·

245 2387 352 2434 cantes
377 2371 617 2450 confirmarunt,
642 2391 707 2451 quo
742 2370 826 2432 lacto
859 2369 980 2452 prefata
1013 2370 1143 2431 domina
1176 2392 1307 2434 consors
1332 2375 1430 2456 ipsius
1455 2375 1510 2435 ΑΙ-

246 2479 325 2540 berti
351 2479 467 2539 literati
500 2492 572 2539 ante
604 2498 676 2538 suas
708 2476 934 2557 conjuratrices
971 2477 1003 2537 in
1037 2478 1170 2538 ecclesia
1203 2479 1377 2560 parochiali
1410 2482 1510 2543 sancti

245 2585 342 2646 Marci
368 2584 408 2644 ad
432 2584 531 2645 altare
556 2599 663 2645 sancte
689 2582 813 2660 Crucis,
838 2583 892 2643 ubi
911 2583 996 2660 juxta
1025 2585 1290 2646 consvetudinem
1315 2586 1410 2647 huius
1434 2589 1509 2649 civi-

242 2691 315 2752 tatis
340 2690 516 2769 juramenta
550 2691 631 2770 exigi
665 2691 780 2767 solent,
813 2689 968 2750 accedens
999 2703 1029 2750 et
1061 2710 1228 2770 apponens
1261 2711 1392 2754 manum
1417 2714 1508 2755 suam

244 2797 460 2877 juramentum
486 2797 634 2877 deposuit
659 2815 731 2856 cum
757 2795 1022 2876 conjuratricibus
1052 2797 1117 2856 suis
1148 2799 1325 2859 successive
1349 2819 1412 2861 una
1437 2813 1509 2881 post

242 2904 374 2964 alteram
401 2922 502 2983 usque
527 2902 565 2962 ad
592 2921 745 2983 personas
770 2901 880 2982 viginti
900 2915 962 2962 tres
987 2916 1082 2982 prout
1105 2903 1322 2981 adjudicatum
1349 2903 1451 2967 fuerat
1475 2907 1507 2967 in

244 3009 486 3090 adjudicacione
512 3028 604 3069 cause
630 3009 684 3069 ubi
710 3008 748 3068 de
775 3009 872 3068 verbo
897 3009 936 3068 ad
963 3009 1095 3069 verbum
1130 3008 1277 3072 formalia
1303 3013 1399 3073 verba
1424 3012 1508 3093 jura·

243 3116 341 3178 menti
368 3116 583 3192 continentur,
615 3114 793 3195 cedamque
825 3114 1052 3194 conjuratrices
1083 3116 1218 3177 eandem
1252 3133 1510 3199 expurgaverunt

244 3224 358 3284 eodem
384 3222 483 3283 modo
507 3236 537 3282 et
562 3223 593 3282 in
619 3222 734 3284 eodem
753 3223 825 3283 loco
843 3222 930 3303 quod
950 3223 1016 3303 ipsa
1045 3222 1177 3283 domina
1203 3223 1376 3285 Katherina
1394 3245 1506 3288 verum

242 3345 273 3392 et
290 3330 408 3408 justum
428 3330 564 3410 prestitit
582 3330 809 3408 juramentum,
827 3349 893 3409 quo
912 3328 995 3389 lacto
1013 3327 1154 3410 prefatus
1179 3329 1303 3411 Gaspar
1327 3331 1507 3417 Kysewych

241 3456 297 3518 per
321 3436 490 3517 providum
518 3438 692 3518 Symonem
718 3450 873 3496 sartorem
898 3436 999 3495 civem
1025 3436 1147 3496 scilicet
1171 3451 1202 3497 et
1226 3437 1383 3500 decanum
1411 3438 1507 3500 huius

243 3542 390 3618 civitatis,
400 3542 480 3622 (qui)
495 3542 624 3602 materie
639 3541 758 3602 scilicet
773 3541 871 3621 ipsius
882 3542 1053 3621 juramenti
1067 3543 1285 3621 ministrasset,
1296 3543 1507 3625 interrogatus

241 3663 347 3709 utrum
374 3667 468 3727 super
493 3647 677 3707 huiusmodi
704 3647 905 3724 juramentali
931 3649 1139 3727 deposicione
1165 3664 1246 3710 esset
1270 3664 1439 3712 contentus
1454 3650 1506 3712 vel

242 3774 318 3829 non,
343 3755 397 3834 qui
422 3754 619 3834 respondens
637 3755 715 3813 dixit
733 3774 765 3813 se
791 3769 976 3814 contentum
995 3774 1062 3815 esse
1088 3768 1118 3815 et
1143 3755 1240 3816 nichil
1264 3757 1336 3837 plus
1354 3771 1507 3837 protunc

241 3861 330 3941 loqui
359 3861 457 3937 velle3
482 3863 590 3941 sicque
616 3860 735 3941 prefata
761 3861 890 3921 domina
918 3861 1091 3921 Katherina
1116 3882 1148 3922 se
1175 3863 1361 3943 expurgavit
1385 3877 1417 3926 et
1440 3864 1506 3926 dic·

241 3981 327 4028 tante
352 3966 429 4046 juris
452 3968 590 4047 equitate
617 3967 736 4047 judicio
760 3982 790 4026 et
814 3968 859 4027 rei
884 3966 1020 4045 judicate
1046 3965 1204 4030 satisfecit.

361 4204 457 4276 Faria
486 4216 582 4276 sexta
613 4209 643 4275 in
674 4206 789 4292 vigilia
820 4205 1072 4294 assumptionis
1102 4208 1197 4277 hante
1227 4206 1381 4298 virginis.

761 4362 823 4438 (14.
848 4363 984 4433 rizagran).

348 4499 453 4560 Causa
479 4500 560 4561 inter
585 4501 741 4562 iacobum
767 4501 906 4579 judicem
924 4515 953 4560 et
978 4501 1143 4561 dominam
1169 4503 1286 4563 Nesam
1305 4503 1433 4566 racione
1450 4503 1505 4566 de·

241 4605 310 4683 biti,
335 4605 449 4666 citacio
475 4608 587 4688 prima.

347 4710 452 4773 Causa
487 4713 567 4774 inter
601 4714 814 4776 laurencium
849 4714 978 4796 Sporar,
1012 4715 1152 4776 lwanum
1186 4718 1365 4781 institorem
1395 4731 1428 4781 et
1456 4736 1506 4784 te·

240 4816 349 4879 liccam
376 4817 527 4880 Jeliczam
551 4821 678 4881 racione
711 4820 944 4902 quinquaginta
978 4823 1122 4905 quinque
1154 4822 1243 4902 flor.;
1274 4843 1358 4908 quoa
1379 4822 1506 4910 ipsintl
