3502 5264
654 317 738 374 Anno
762 312 856 392 1486.
876 349 920 358 -
941 330 973 390 9.
989 318 1083 391 santi.

348 530 428 591 Item
461 528 578 590 eodom
611 529 663 590 die
696 547 823 589 causam
856 529 937 591 inter
963 528 1098 590 Paulum
1131 529 1329 592 aurifabrum
1361 546 1392 592 et
1424 533 1506 594 inter

241 638 404 699 Andream
430 636 497 698 Lah
523 636 654 698 racione
689 636 901 717 quarumdam
933 636 1137 698 solucionurn
1163 639 1370 719 pecuniarum
1395 653 1426 701 et
1449 658 1507 722 per

244 745 348 828 ipsum
375 744 512 805 Paulum
537 740 734 804 aurifabrum
760 742 799 803 ad
825 742 966 803 seniores
989 741 1111 822 judices
1142 743 1202 805 fuit
1226 744 1433 827 appellatum,
1457 765 1505 808 se·

243 851 349 913 niores
372 863 479 911 autem
505 848 626 929 judices
650 848 755 909 taliter
786 847 1061 928 adjudicaverunt,
1092 849 1181 930 quod
1213 850 1358 912 Andreas
1381 851 1448 913 Lah
1472 852 1504 913 in

244 976 379 1039 persona
405 955 553 1017 omnium
579 955 739 1015 sociorum
764 974 894 1016 suorum
928 954 1142 1034 juramentum
1168 955 1264 1017 debet
1287 956 1447 1038 deponere
1473 957 1504 1019 in

243 1084 295 1126 ara
320 1076 426 1125 sancte
452 1062 565 1123 Crucis
584 1060 789 1142 quindecima
815 1061 866 1122 die
891 1059 1003 1121 aferia
1027 1077 1193 1143 sextaque
1217 1077 1263 1123 est
1280 1062 1361 1123 inter
1378 1077 1506 1125 octavas

244 1170 480 1246 penthecostes,
505 1188 561 1250 per
585 1166 848 1229 consverudinem
874 1168 1019 1230 civitatis.

349 1276 426 1338 ltem
445 1275 560 1336 eodem
578 1274 630 1334 die
647 1293 775 1334 causam
802 1273 883 1334 inter
900 1274 1057 1335 Jacobum
1075 1275 1193 1356 Sporar
1210 1289 1240 1337 et
1257 1276 1338 1337 inter
1362 1276 1504 1338 relictam

241 1383 409 1445 Thurchin
425 1382 554 1443 racione
565 1380 780 1462 quorumdam
794 1381 889 1441 trium
904 1379 973 1441 flor.
988 1383 1221 1462 pertinencium
1235 1382 1275 1443 ad
1286 1383 1504 1445 destruitatem

242 1505 273 1551 et
297 1510 353 1572 per
376 1490 478 1571 ipsam
502 1488 645 1550 relictam
672 1486 816 1548 Turchin
842 1487 880 1547 ad
906 1487 1049 1548 seniores
1067 1487 1189 1566 judices
1213 1487 1273 1550 fuit
1297 1489 1506 1572 appellatum,

242 1597 386 1658 seniores
410 1609 517 1656 autern
542 1593 646 1655 taliter
676 1593 950 1673 adjudicaverunt,
985 1593 1074 1674 quod
1107 1595 1246 1656 Jacobus
1269 1594 1387 1677 Sporar
1411 1596 1506 1659 debet

244 1704 405 1784 deponere
431 1702 644 1782 juramentum
671 1701 701 1760 in
727 1720 779 1761 ara
803 1715 910 1761 sancte
936 1700 1049 1762 Crucis
1080 1701 1286 1782 quindecima
1312 1702 1363 1763 die
1387 1723 1404 1764 a
1427 1702 1503 1764 feria

243 1824 329 1870 sexta
354 1828 416 1889 que
448 1822 495 1868 est
519 1807 599 1867 inter
624 1820 751 1868 octavas
784 1806 1009 1868 Penthecostes
1040 1822 1170 1889 propter
1203 1808 1354 1889 pecunias
1390 1828 1504 1889 preno-

243 1929 323 1975 tatas
346 1913 523 1974 secundum
549 1912 812 1973 consuetudinem
839 1913 984 1975 civitatis.

351 2021 428 2081 item
461 2019 575 2081 eodem
610 2018 662 2079 die
689 2038 815 2079 causam
850 2019 932 2080 inter
961 2019 1160 2080 Demetrium
1188 2019 1270 2081 Sicci
1295 2034 1326 2081 et
1349 2021 1431 2083 inter
1456 2021 1505 2081 Ja-

243 2129 360 2187 cobum
386 2141 541 2187 sartorem
559 2138 689 2206 propter
706 2125 870 2205 quandam
895 2126 1021 2186 vineam
1040 2145 1137 2205 quarn
1161 2125 1349 2187 vendiderat
1373 2126 1505 2188 honesta

245 2233 378 2294 domina
412 2231 606 2310 Margaritha
640 2231 798 2291 Verichna
830 2232 913 2293 dicta
939 2251 1018 2292 uxor
1050 2230 1163 2313 prefati
1189 2232 1298 2294 Jacobi
1322 2233 1451 2294 sartoris
1474 2247 1506 2295 et

244 2359 301 2420 per
327 2339 430 2419 ipsum
457 2338 611 2398 Jacobum
644 2351 798 2397 sartorem
822 2338 862 2397 ad
896 2338 1037 2398 seniores
1061 2338 1182 2417 judices
1213 2337 1273 2399 fuit
1296 2339 1505 2420 appellatum,

243 2445 386 2506 seniores
409 2459 516 2505 autem
543 2442 664 2521 judices
688 2443 793 2504 taliter
818 2444 1093 2520 adjudicaverunt,
1118 2444 1206 2524 quod
1223 2445 1406 2507 Demetrius
1422 2446 1504 2507 Sicci

244 2552 337 2612 debet
363 2550 579 2627 juramentum
614 2548 775 2630 deponere
806 2551 836 2609 in
869 2570 922 2610 ara
954 2565 1060 2611 sancte
1093 2549 1206 2611 Crucis
1230 2549 1306 2612 feria
1332 2567 1418 2613 sexta
1441 2571 1503 2633 que

242 2672 288 2718 est
302 2659 383 2719 inter
406 2671 536 2718 octavas
554 2655 789 2733 Penthecostes,
814 2677 964 2738 supereo
982 2658 1070 2737 quod
1096 2659 1225 2739 insuper
1250 2656 1387 2719 fructum
1407 2678 1502 2740 quem

242 2764 353 2826 habuit
377 2764 416 2825 de
443 2763 554 2839 vinea3
587 2775 884 2844 quantumcumque
918 2763 1044 2840 jurabit,
1075 2764 1213 2825 Jacobus
1245 2765 1405 2843 exsolvat;
1437 2766 1504 2846 ipse

243 2870 328 2932 idem
354 2870 492 2931 Jacobus
523 2884 624 2930 sartor
656 2888 720 2930 non
746 2884 914 2930 contentus
945 2871 1120 2951 appellavit
1152 2872 1192 2932 ad
1216 2873 1403 2951 magistrum
1435 2872 1502 2934 tha-

244 2996 466 3039 wermcorum.

378 3213 472 3286 Feria
500 3225 596 3285 sexta
626 3218 779 3304 proxima
809 3227 887 3287 ante
916 3217 1035 3287 festum
1078 3217 1167 3287 beati
1196 3218 1357 3289 Barnahe.

788 3382 831 3440 (ς).
848 3372 954 3444 junii).

351 3509 428 3570 Item
454 3528 547 3569 causa
581 3509 661 3568 inter
686 3509 883 3589 Stephanum
917 3509 1077 3571 literatum
1103 3527 1131 3570 et
1159 3512 1387 3572 Maximianum
1421 3513 1504 3573 auri·

245 3615 381 3692 fabrum,
413 3615 580 3695 quomodo
614 3615 697 3675 idem
732 3616 945 3675 Maximianus
978 3632 1172 3697 percusserat
1201 3636 1273 3677 cum
1306 3637 1416 3698 pugno
1449 3639 1505 3700 per

245 3721 380 3783 forcium
406 3721 544 3781 eundem
563 3721 760 3803 Stephanum
787 3723 945 3782 literatum
972 3742 1072 3802 usque
1109 3724 1148 3782 ad
1174 3739 1289 3785 terram
1315 3725 1504 3805 prostrando

245 3830 276 3889 in
302 3843 403 3889 teatro
427 3828 513 3908 regie
538 3828 675 3888 civitatis
699 3842 729 3888 et
755 3829 855 3887 libero
881 3848 987 3888 coram
1021 3831 1129 3889 multis
1160 3831 1300 3891 cuiusvis
1324 3845 1423 3893 status
1447 3832 1503 3893 ho·

245 3935 396 4011 minibus,
422 3933 513 4007 iurati
550 3933 826 4010 adjudicaverunt,
859 3934 945 4013 quod
981 3935 1066 3995 idem
1101 3937 1314 3997 Maximianus
1345 3937 1506 3998 aurifaber

245 4040 396 4101 remansit
421 4038 526 4100 eidem
552 4039 715 4119 Stephano
748 4040 872 4098 literato
902 4055 1029 4120 propter
1065 4042 1301 4120 percussionem
1336 4043 1366 4101 in
1393 4044 1504 4122 viginti

244 4147 388 4227 quinque
407 4146 531 4224 marcis,
549 4145 658 4223 juratis
683 4167 757 4207 sero
777 4149 807 4205 in
827 4165 908 4217 urra;
928 4146 1011 4207 idem
1034 4147 1213 4229 Stephanus
1232 4150 1373 4210 literatus
1397 4151 1505 4231 appel·

244 4253 320 4314 lavit
342 4252 382 4312 ad
406 4251 557 4312 seniores.

354 4357 429 4418 ftem
455 4377 548 4419 causa
576 4359 657 4418 inter
690 4357 867 4418 Fabianum
901 4358 1037 4425 iuratum
1063 4374 1091 4419 et
1119 4358 1317 4420 Demetrium
1352 4376 1505 4423 sartorem

246 4480 375 4547 propter
400 4464 620 4545 prodis-ionem
654 4464 770 4524 domus
802 4463 945 4524 eiusdem
976 4463 1128 4526 Dentetrii
1162 4467 1301 4539 sartoris,
1326 4467 1417 4536 iurati
1450 4469 1505 4529 ad·

245 4570 479 4651 judicaverunt,
504 4569 592 4651 quod
619 4570 704 4630 idern
730 4569 911 4631 Dentetrius
944 4571 1030 4650 prim
1053 4590 1148 4652 super
1179 4572 1415 4650 querimoniam
1440 4594 1505 4636 non

245 4675 306 4739 fuit
329 4695 499 4758 quousque
530 4675 591 4736 sibi
623 4675 800 4758 dampnum
837 4672 911 4736 inde
943 4676 1066 4752 evenit,
1099 4695 1157 4756 pru
1189 4672 1332 4757 dampno
1354 4697 1413 4739 suo
1443 4681 1503 4742 sibi

245 4780 384 4846 fundum
410 4782 503 4844 illum
527 4781 652 4845 habeat.
677 4782 755 4861 (sic).
