3502 5264
247 359 305 435 164
624 364 707 417 Anna
733 371 819 436 1507.
846 394 886 402 -
911 375 959 418 22.
977 359 1130 435 januarii.

349 574 471 633 Eodem
504 572 556 632 die
586 591 678 633 causa
712 571 793 632 inter
826 571 1000 652 quemdam
1033 570 1161 633 fratrem
1195 572 1345 634 videlicet
1375 574 1510 635 Andree

242 678 397 740 carnificis
421 694 451 740 et
477 677 580 740 Dauid
607 679 733 739 racione
755 678 921 739 cuiusdam
953 678 1070 739 domus
1101 680 1317 757 arestacionis,
1343 680 1397 741 ubi
1434 699 1509 763 pre-

241 783 323 846 latus
339 783 434 847 frater
451 785 579 846 Andree
597 784 753 846 carnificis
771 785 801 844 in
820 804 956 867 persona
974 784 1114 847 filiorum
1140 786 1216 848 dicti
1241 788 1369 849 Andree
1388 787 1509 849 dictam

241 890 374 951 domum
407 904 609 968 arestaverat‚
642 891 696 950 ubi
729 890 821 970 jurati
854 890 1088 970 adjudicarunt,
1121 892 1209 973 quod
1245 891 1385 973 prefatus
1410 891 1510 955 frater

241 996 389 1057 videlicet
400 996 526 1058 Andree
545 995 700 1057 carnificis
719 997 749 1057 in
768 1015 903 1077 persona
921 996 1060 1058 tiliorum
1081 998 1209 1060 Andree
1226 1013 1390 1080 tamquam
1409 996 1508 1061 frater

241 1116 272 1163 et
296 1104 552 1183 consanguineus
579 1103 721 1184 ipsorum
754 1103 868 1163 merito
893 1117 923 1163 et
947 1103 1081 1182 juridice
1105 1106 1209 1186 potuit
1232 1119 1380 1182 arestare,
1406 1105 1510 1188 depo·

241 1209 365 1288 sitaque
377 1206 498 1290 prefata
510 1209 644 1289 pecunia
660 1228 755 1289 quam
767 1209 883 1270 tulerat
900 1207 1040 1291 prefatus
1050 1208 1194 1270 Andreas
1209 1210 1240 1271 in
1255 1225 1373 1271 sortem
1387 1209 1507 1272 domus

241 1314 424 1374 liberiorem
443 1314 677 1394 adjudicarunt,
691 1329 721 1375 et
738 1315 825 1395 quod
845 1315 928 1375 idem
950 1314 1053 1375 Dauid
1068 1335 1169 1396 usque
1183 1316 1222 1376 ad
1236 1314 1353 1378 festum
1368 1315 1502 1397 Georgii

241 1420 386 1501 proxime
419 1434 587 1480 venturum
621 1421 701 1481 liber
733 1421 790 1481 erit
824 1441 951 1481 manere
984 1440 1154 1501 quousque
1187 1420 1272 1482 idem
1306 1421 1411 1482 Dauid
1444 1421 1507 1482 sibi

241 1525 417 1607 providerit
441 1526 480 1586 de
505 1526 567 1586 alia
591 1526 709 1601 dom0;
735 1525 875 1607 prefatus
893 1547 968 1587 vero
987 1526 1091 1587 Dauid
1117 1526 1156 1587 de
1181 1526 1301 1605 judicio
1325 1527 1504 1607 juratorum

241 1652 305 1693 non
331 1646 500 1694 contentus
524 1633 579 1693 sed
604 1633 644 1693 ad
668 1634 810 1694 seniores
835 1632 957 1712 judices
981 1633 1165 1715 appellavit.

347 1739 489 1800 Sabbato
513 1739 565 1799 die
582 1753 654 1799 ante
678 1737 793 1800 festum
814 1738 1043 1800 Conversionis
1065 1739 1147 1799 beati
1167 1739 1269 1817 Pauli,
1294 1739 1435 1801 seniores
1459 1739 1508 1820 ju·

242 1844 328 1905 dices
347 1864 474 1905 causam
485 1843 639 1926 prefatam
655 1845 735 1906 inter
748 1843 876 1906 fratrem
891 1865 947 1905 seu
960 1845 1234 1924 consanguineum
1248 1844 1360 1926 prelati
1374 1845 1505 1908 Andree

242 1950 396 2011 carnificis
421 1965 451 2013 et
477 1951 593 2029 Dauid,
618 1950 729 2033 prefati
755 1971 832 2012 vero
857 1951 998 2012 seniores
1037 1950 1159 2030 judices
1191 1949 1345 2032 prefatam
1375 1971 1505 2013 causam

242 2054 488 2132 confirmarunt;
514 2057 616 2117 dictus
649 2077 725 2118 vero
759 2057 862 2118 Dauid
888 2077 952 2117 non
988 2069 1157 2118 contentus
1181 2055 1236 2116 sed
1268 2056 1441 2138 appellavit
1465 2056 1507 2116 ad

241 2161 428 2242 magistrum
453 2162 733 2225 thawernicorum.

417 2396 512 2469 Feria
541 2407 638 2471 sexta
668 2402 700 2469 in
729 2399 814 2470 festo
843 2400 932 2470 beati
963 2401 1131 2473 Vincencii
1161 2400 1324 2472 martiris.

742 2555 804 2626 (22.
826 2553 993 2631 januarii).

348 2693 504 2754 Martinus
527 2705 616 2753 sutor
640 2693 767 2774 Radlyn
794 2693 897 2754 dictus
922 2692 961 2753 ad
987 2695 1174 2755 instanciam
1199 2694 1366 2777 prudentis
1390 2707 1421 2757 et
1445 2693 1505 2755 cir·

243 2800 416 2881 cumspeeti
443 2800 501 2859 viri
527 2799 650 2859 domini
677 2799 850 2883 Perowych
875 2800 980 2881 primo
1004 2801 1119 2862 citatus
1143 2820 1207 2861 non
1234 2800 1422 2881 comparuit.

348 2905 472 2965 Eodem
499 2905 550 2965 die
575 2925 667 2965 causa
694 2905 775 2966 inter
801 2905 976 2986 Georgium
1003 2907 1237 2988 carpentarium
1262 2919 1292 2967 et
1317 2906 1505 2986 magistrum

242 3011 383 3072 Blasium
419 3011 680 3072 archidiaconum
716 3010 934 3071 chasmensem
968 3026 998 3072 et
1038 3013 1228 3073 canonicum
1265 3012 1505 3093 zagrabiensem

242 3118 370 3178 racione
395 3118 562 3179 cuiusdam
589 3117 686 3178 debiti
706 3137 762 3199 per
790 3117 910 3177 dictum
929 3119 1115 3198 magistrum
1134 3118 1275 3179 Blasium
1300 3118 1405 3179 eidem
1423 3117 1505 3177 obli-

241 3224 304 3303 gati
339 3238 482 3304 pretextu
515 3223 730 3304 quorumdam
763 3239 921 3283 certorum
955 3224 1101 3284 laborum
1135 3237 1165 3285 et
1196 3224 1415 3285 laboratorum
1448 3242 1504 3304 pcr

242 3330 344 3409 ipsum
370 3328 547 3409 Georgium
581 3330 611 3389 in
638 3329 852 3409 disposicione
885 3330 1051 3390 cuiusdam
1085 3330 1200 3391 domus
1234 3331 1332 3411 ipsius
1362 3330 1503 3410 magistri

242 3435 337 3496 Blasii
362 3450 627 3516 consumptorum
654 3450 683 3496 et
702 3455 765 3495 non
781 3436 1030 3516 persolutorum‚
1047 3437 1140 3517 jurati
1164 3435 1397 3514 adjudicarunt,
1415 3434 1504 3515 quod

242 3541 308 3620 ipse
333 3539 492 3620 Georgius
517 3541 692 3601 solusmeth
718 3540 821 3620 jurare
847 3540 884 3601 ad
911 3557 1060 3602 octavum
1085 3542 1170 3602 diem
1197 3542 1326 3603 debebit
1351 3560 1409 3621 pro
1433 3541 1504 3621 ipso

241 3645 350 3706 debito
375 3648 462 3726 quod
488 3647 603 3708 eodem
622 3647 680 3707 sibi
700 3647 870 3725 obligatur,
896 3663 926 3707 et
944 3648 1047 3708 dictus
1072 3649 1222 3728 magister
1242 3647 1364 3708 Blasius
1380 3646 1504 3707 solvere

241 3751 388 3827 babebir;
414 3753 437 3812 si
464 3752 541 3832 quid
575 3766 680 3812 autem
711 3753 776 3832 ipse
810 3753 959 3832 magister
984 3754 1109 3814 Blasius
1142 3768 1251 3814 contra
1282 3753 1421 3814 eundern
1453 3771 1504 3814 ac·

242 3857 513 3933 cionishabuerit‚
538 3857 670 3937 juridice
696 3859 853 3937 requirat;
879 3859 943 3939 ipse
965 3858 1114 3937 magister
1139 3858 1263 3919 Blasius
1288 3858 1326 3918 de
1352 3857 1413 3918 hiis
1438 3877 1503 3918 non

243 3975 410 4022 contentus
435 3962 609 4044 appellavit
633 3963 672 4023 ad
698 3964 838 4023 seniores
862 3962 993 4042 judices.

350 4068 491 4128 Sabbata
516 4068 567 4129 die
593 4069 765 4129 inmediate
791 4068 936 4148 sequenti
955 4068 1097 4128 seniores
1113 4068 1234 4148 judices
1258 4068 1413 4150 prefatam
1431 4088 1503 4130 cau-

241 4192 307 4233 sam
335 4174 416 4234 inter
440 4173 578 4255 prelatos
612 4175 788 4255 Georgium
822 4174 1056 4256 carpentarium
1085 4189 1115 4233 et
1148 4174 1334 4252 magistrum
1361 4174 1502 4236 Blasium

241 4280 431 4341 canonicum
458 4281 571 4341 eodem
598 4280 695 4340 modo
718 4280 940 4358 adjudicarunt
958 4293 1052 4360 prout
1076 4278 1164 4358 prius
1182 4277 1274 4355 jurati
1299 4279 1503 4356 adjudicave-

241 4401 311 4446 rant
335 4400 365 4446 ct
389 4386 675 4462 confirmaverun13
702 4386 841 4467 prelatus
859 4405 934 4447 vero
960 4385 1111 4464 magister
1137 4384 1259 4445 Blasius
1277 4384 1316 4444 de
1341 4385 1503 4465 adjudica·

241 4492 333 4553 cione
358 4491 552 4573 prefatorum
578 4494 742 4554 seniorum
767 4492 909 4570 judicum
934 4510 999 4552 non
1023 4504 1201 4566 contentus,
1225 4489 1280 4549 sed
1305 4504 1405 4551 totam
1430 4512 1502 4554 cau·

241 4599 370 4659 samad
396 4599 581 4683 magistrum
612 4598 869 4660 thavernicorum
893 4595 1077 4678 appellavit.

348 4705 471 4766 Eodem
497 4704 547 4765 die
572 4705 714 4766 seniores
738 4703 859 4784 judices
883 4720 1011 4763 causam
1035 4712 1155 4763 motam
1180 4700 1262 4761 inter
1287 4701 1422 4763 Paulum
1440 4703 1502 4765 Va·

239 4812 311 4895 lyae
335 4827 365 4872 et
392 4810 569 4873 Sinkonem
587 4811 747 4872 literatum
773 4809 899 4870 racione
921 4805 1088 4869 cuiusdam
1104 4805 1178 4884 tele,
1202 4824 1299 4887 quam
1316 4807 1413 4868 telam
1431 4827 1500 4890 pre-
