3502 5264
644 337 845 414 Ann01524.
871 370 913 379 -
937 334 968 398 8.
993 338 1106 411 aprilis.
1447 356 1504 419 23¹

247 549 368 630 precise
393 562 556 610 monetam
581 566 711 608 auream
744 548 873 628 qualem
898 547 1002 607 eidem
1028 547 1140 608 doctor
1158 561 1370 625 mutuaverat,
1395 562 1424 609 et
1449 548 1510 609 hoc

247 656 494 717 instrumentum
513 655 551 715 de
576 675 661 715 anno
686 654 765 735 1518
791 667 857 715 erat
875 652 1067 717 confectum.
1086 654 1241 716 Produxit
1257 668 1400 737 preterea
1418 675 1510 736 quas·

246 763 320 823 dam
346 762 453 822 literas
478 761 577 843 ipsius
601 760 757 822 iohannis
782 761 881 821 Maria
915 780 1000 820 anno
1032 780 1106 841 1521
1136 762 1278 844 scriptas,
1303 761 1420 842 quibus
1444 762 1511 843 ipse

246 869 408 929 lohannes
433 867 557 928 doctori
583 867 715 927 domum
752 867 782 927 in
816 882 934 927 sortem
960 868 1068 928 asserti
1103 867 1202 928 debiti
1236 868 1393 948 assignat3
1419 867 1512 928 intel·

245 974 336 1036 lectis
360 988 465 1035 autem
491 973 657 1054 utriusque
690 974 787 1055 partis
818 972 1098 1055 proposicionibus
1130 988 1160 1034 et
1185 973 1356 1055 responsis,
1388 973 1512 1055 scriptis

246 1100 377 1162 quoque
403 1100 459 1162 per
482 1079 592 1140 omnia
608 1079 757 1161 perlectis
781 1092 811 1139 et
836 1079 1015 1156 intellectis,
1033 1078 1125 1156 jurati
1148 1080 1253 1141 taliter
1276 1079 1512 1159 adjudicarunt,

245 1188 333 1269 quod
360 1187 432 1248 licet
449 1185 678 1267 obligaci0(ne)
705 1187 818 1247 doctor
840 1186 927 1268 prior
943 1200 1088 1267 tempore
1112 1186 1162 1263 sit,
1188 1201 1294 1248 tamen
1319 1206 1377 1269 pro
1395 1187 1510 1248 eodem

245 1295 355 1355 debito
381 1292 543 1354 lohannes
568 1293 668 1353 Maria
686 1291 810 1353 doctori
837 1292 942 1352 nullas
958 1312 1007 1353 res
1027 1293 1194 1373 obligavit,
1218 1293 1273 1353 sed
1290 1293 1426 1355 eandem
1444 1312 1512 1355 mo-

245 1413 351 1461 netam
377 1417 508 1460 auream
532 1398 697 1459 restituere
722 1398 954 1480 compromisit,
987 1418 1060 1458 cum
1096 1413 1201 1460 autem
1226 1399 1288 1479 jam
1314 1419 1400 1461 anno
1430 1419 1505 1480 ¹52¹

246 1505 355 1566 literas
380 1505 466 1565 misit
490 1503 614 1565 doctori
632 1505 798 1585 assignans
819 1503 924 1564 eidem
942 1504 1076 1565 domum
1102 1525 1160 1586 pro
1178 1505 1299 1583 debito,
1323 1524 1388 1566 non
1406 1505 1512 1587 potuit

245 1612 306 1672 hoc
332 1609 448 1687 facere,
473 1610 548 1691 quia
573 1609 635 1689 jam
660 1611 769 1671 omnia
802 1611 885 1671 bona
914 1631 970 1671 sua
1004 1612 1168 1692 presencia
1193 1627 1224 1674 et
1248 1611 1354 1673 futura
1386 1613 1509 1693 obliga·

248 1731 346 1796 verat,
370 1719 412 1779 ob
437 1717 498 1778 hoc
524 1716 648 1799 Gaspar
665 1718 798 1779 domum
817 1718 917 1799 ipsam
937 1717 1064 1794 habere,
1093 1719 1194 1779 immo
1218 1719 1279 1780 alia
1305 1719 1406 1780 eciam
1424 1720 1509 1780 bona

246 1824 345 1906 ipsius
370 1823 526 1884 lobannis
550 1823 747 1904 ubicumque
773 1837 895 1904 reperta
921 1824 1083 1905 requirere
1108 1823 1233 1902 debeat,
1259 1824 1372 1886 doctor
1398 1837 1506 1885 autem

247 1931 388 2012 requirat
411 1943 574 1991 monetam
599 1949 690 1990 suam
715 1949 843 1990 auream
869 1930 909 1990 ab
934 1931 1003 2010 ipso
1029 1929 1182 1992 lohanne.

353 2054 429 2115 ltem
466 2054 581 2116 eodem
618 2055 680 2132 die,
713 2054 794 2116 inter
829 2055 1002 2115 Martinam
1037 2055 1244 2139 Dedkowych
1280 2069 1312 2117 et
1344 2054 1508 2115 Thomam

245 2159 457 2241 Brozowych,
482 2159 537 2240 qui
563 2160 593 2220 in
619 2160 669 2220 via
695 2158 810 2240 jurgati
835 2161 1066 2242 vituperiisque
1088 2163 1208 2222 mutuis
1232 2182 1299 2223 sese
1324 2159 1510 2238 afficientes,

244 2265 375 2327 tandem
401 2265 468 2347 ipse
494 2266 650 2327 Martinus
675 2265 837 2327 Thomam
857 2266 963 2347 lapide
989 2281 1100 2348 arepto
1125 2267 1286 2345 jaculavit,
1311 2281 1507 2329 nontamen

246 2373 328 2450 lesit,
354 2371 500 2432 Thomas
523 2391 600 2432 vero
624 2372 726 2433 securi
751 2373 856 2434 eidem
882 2373 912 2433 in
943 2375 1046 2454 capite
1071 2374 1189 2435 vulnus
1221 2373 1388 2451 inflixerat,
1414 2387 1509 2455 prout

244 2498 341 2560 super
366 2477 426 2539 hoc
450 2492 546 2539 testes
563 2494 636 2540 sunt
656 2478 814 2560 producti,
832 2480 924 2559 jurati
949 2479 1183 2558 adjudicarunt,
1202 2496 1236 2542 ut
1259 2481 1335 2562 quia
1353 2481 1510 2542 Martinus

244 2585 349 2665 primo
368 2585 531 2666 inceperat
546 2598 715 2667 propterea
734 2586 873 2646 mediam
891 2600 1013 2667 partem
1036 2587 1149 2667 viginti
1167 2588 1311 2669 quinque
1326 2605 1510 2669 pensarum,

244 2690 362 2771 quibus
387 2690 532 2752 Thomas
557 2691 662 2752 eidem
682 2692 871 2753 convinctus
902 2691 1013 2752 fuisset
1038 2713 1101 2754 non
1127 2694 1258 2755 habebit
1281 2713 1346 2771 sex,
1378 2693 1508 2755 tandem

245 2795 312 2876 ipse
338 2796 483 2857 Thomas
506 2797 564 2858 lesi
589 2798 716 2859 medico
741 2796 922 2875 satisfaciat,
947 2814 977 2859 et
1002 2798 1068 2859 leso
1094 2800 1125 2859 in
1151 2800 1257 2882 pensis
1282 2800 1453 2861 duodecim
1478 2812 1510 2860 et

243 2902 359 2980 media,
383 2902 480 2982 judici
506 2922 578 2964 cum
602 2902 711 2984 juratis
736 2904 766 2964 in
792 2903 934 2985 quinque
953 2905 1059 2986 pensis
1082 2907 1271 2967 convinctus
1295 2905 1458 2968 habeatur.

516 3157 612 3230 Faria
641 3169 737 3230 sexta
766 3167 845 3230 ante
874 3161 1074 3231 dominicam
1103 3160 1235 3250 judica.

769 3335 831 3401 (11.
855 3334 977 3407 marni).

350 3493 486 3552 hlichael
513 3491 701 3574 Oprasnych
727 3491 766 3552 ad
792 3491 980 3552 instanciam
1013 3492 1094 3552 Petri
1122 3492 1236 3552 literati
1263 3493 1368 3574 primo
1393 3494 1508 3554 citatus

244 3619 308 3660 non
334 3599 524 3681 comparuit.

355 3723 430 3783 ltem
456 3722 568 3783 eadem
594 3723 644 3782 die
678 3722 840 3783 lohannes
873 3721 1102 3804 Lonchyarych
1135 3722 1174 3782 ad
1208 3723 1395 3782 instanciam
1423 3724 1505 3784 l‘etri

244 3828 360 3889 literati
387 3829 491 3909 primo
517 3829 630 3889 citatus
653 3848 717 3888 non
742 3828 932 3908 comparuit.

351 3953 426 4012 ltem
452 3952 566 4013 cadem
591 3952 642 4012 dic
668 3951 830 4012 lohannes
848 3952 1077 4035 Lonchyarycb
1097 3953 1135 4012 ad
1156 3952 1342 4013 instanciam
1369 3951 1502 4032 Georgii

243 4078 353 4140 swpan
380 4059 483 4140 primo
509 4059 622 4119 citatus
647 4077 710 4118 non
736 4059 924 4140 comparuit.

241 4311 338 4384 Feria
367 4322 465 4383 sexta
494 4314 571 4401 post
596 4312 719 4384 testum
748 4314 837 4382 beati
859 4311 1026 4383 Ambrosii
1056 4311 1200 4401 episcopi
1229 4322 1262 4381 et
1292 4309 1507 4382 contessoris.

772 4479 817 4556 (d'.
842 4483 973 4556 aprilis).

351 4641 547 4703 Laurencius
571 4643 685 4702 barber
702 4641 741 4702 ad
760 4641 947 4701 instanciam
968 4639 1123 4701 lobannis
1141 4638 1370 4722 Lonchyarych
1395 4640 1501 4721 primo

239 4748 356 4812 citatus
379 4766 446 4809 noo
470 4747 660 4829 comparuit.
