3502 5264
246 318 303 380 192
633 300 719 356 Anno
739 310 829 373 1509.
853 313 965 375 -13.
989 300 1115 372 augusti.

241 511 387 589 etham,
413 511 452 571 ad
477 511 537 571 hoc
561 510 666 570 dictus
692 509 829 570 Michael
863 509 1030 590 respondit
1062 509 1148 570 dicto
1174 510 1359 572 Domitoni:
1383 525 1512 572 tantum

241 618 326 679 dabo
351 637 409 700 pro
433 632 464 679 te
488 617 580 677 sicuti
607 636 665 698 pro
690 636 753 677 una
783 635 903 695 musca,
935 629 1104 698 propterea
1129 630 1175 678 est
1200 631 1396 698 conquestus
1419 618 1512 700 quod

241 724 381 785 eundem
405 737 581 805 reputasset
607 742 664 804 pro
692 742 820 799 musca3
854 722 1040 783 testimonio
1064 742 1141 783 vero
1172 724 1331 805 producto
1356 724 1397 784 ad
1420 724 1512 806 quod

240 833 335 892 ambe
360 843 465 912 partes
490 849 522 890 se
547 829 767 889 submiserunt
791 848 883 890 secus
901 826 1020 889 fassum
1045 843 1109 891 est:
1133 843 1257 891 tantum
1284 830 1384 893 timeo
1400 830 1434 892 in
1450 830 1512 892 hac

241 951 329 1018 parte
354 957 370 997 a
396 952 424 997 te
450 936 543 997 sicuti
569 937 608 996 ab
634 956 696 996 una
722 955 831 996 musea
851 935 955 996 adhuc
981 936 1087 996 minus
1112 937 1187 1018 quia
1213 936 1316 999 babeo
1341 937 1512 1019 privilegia

242 1064 258 1104 a
282 1057 348 1105 tota
373 1042 615 1121 communitate,
639 1041 731 1122 jurati
746 1042 789 1102 sic
815 1040 1092 1120 adjudicaverunt,
1112 1044 1200 1124 quod
1226 1043 1292 1125 ipse
1318 1043 1512 1105 Dominicus

242 1168 307 1210 non
333 1149 438 1231 potuit
462 1149 521 1209 sibi
540 1150 750 1230 comprobare
777 1147 864 1230 quod
884 1147 1021 1209 eundem
1043 1163 1220 1230 reputasset
1241 1169 1299 1231 pro
1323 1168 1432 1211 musca
1448 1150 1510 1211 nisi

242 1270 365 1318 tanturn
390 1255 489 1317 timeo
514 1275 530 1316 a
557 1269 587 1316 te
613 1255 643 1315 in
671 1254 728 1315 bac
753 1269 841 1336 parte
866 1254 957 1316 sicuti
984 1257 1023 1315 ab
1057 1275 1118 1315 una
1145 1274 1265 1335 musca,
1286 1269 1317 1317 et
1340 1275 1418 1338 ergo
1442 1276 1509 1317 non

242 1362 477 1423 estconvictus
502 1361 732 1442 pereundam,
768 1360 823 1421 sed
848 1361 873 1420 si
906 1361 1063 1441 potuisset
1090 1362 1150 1422 sibi
1184 1363 1394 1443 comprobare
1420 1364 1510 1444 quod

242 1482 417 1549 reputasset
441 1468 581 1529 eundem
606 1487 663 1548 pro
689 1486 798 1528 musca
821 1481 936 1528 extunc
962 1481 1043 1528 esset
1067 1467 1244 1530 convictus.

349 1575 469 1648 Quinta
495 1573 626 1654 (causa),
650 1572 782 1654 quando
812 1573 897 1633 idem
931 1573 1060 1634 Domko
1095 1572 1270 1656 Perowycb
1302 1574 1385 1635 sedit
1414 1593 1512 1657 super

241 1701 407 1744 scamnum
434 1683 466 1742 in
491 1695 589 1763 ponte
616 1680 742 1761 lapidee
761 1693 862 1760 porte,
884 1693 960 1740 tunc
986 1680 1028 1740 ibi
1047 1680 1210 1761 preterivit
1228 1679 1364 1741 Michael
1390 1679 1511 1762 Opras·

244 1788 325 1873 nych
351 1807 450 1870 penes
474 1807 564 1864 eum,
593 1787 680 1847 illico
713 1786 831 1846 ibidem
859 1785 987 1846 Domko
1009 1787 1127 1867 incepit
1159 1805 1273 1867 spuere
1297 1801 1328 1848 et
1350 1787 1511 1867 tussitare,

242 1908 317 1956 tunc
345 1908 547 1976 pretereunte
573 1892 686 1953 eodem
713 1891 886 1952 Domkone
920 1891 1023 1952 dictus
1049 1892 1185 1953 Michael
1210 1892 1331 1954 habens
1354 1894 1510 1974 suspicio·

243 2020 315 2063 nem
344 2002 430 2081 quod
460 2001 490 2060 in
509 2019 583 2060 eum
608 2013 736 2080 spueret
761 2012 791 2058 et
808 1998 967 2058 tussitaret
988 2017 1132 2058 reversus
1149 2012 1196 2059 est
1219 1999 1258 2059 ad
1284 2017 1358 2060 eum
1383 2014 1414 2060 et
1431 1999 1512 2063 dixit

243 2108 289 2168 ei:
315 2128 369 2168 cur
393 2107 480 2188 spuis
504 2121 559 2167 aut
583 2105 709 2166 tussitas
734 2105 772 2165 ad
800 2124 850 2164 me
873 2103 951 2184 quid
986 2124 1050 2165 non
1076 2124 1146 2164 sum
1165 2104 1296 2182 ludens,
1320 2105 1364 2167 ibi
1388 2105 1512 2168 babens

243 2214 347 2275 dictus
373 2214 500 2274 Domlto
526 2212 742 2292 suspicionem
776 2210 928 2270 adversus
959 2210 1081 2270 dictum
1108 2211 1299 2272 Michaelem
1333 2213 1420 2294 quod
1454 2234 1510 2276 vo·

243 2320 355 2381 luisset
380 2339 453 2381 eum
478 2319 620 2400 proicere
646 2319 676 2377 in
704 2317 857 2377 fossatum
883 2317 942 2377 sub
974 2331 1091 2398 ponte;
1117 2316 1210 2397 jurati
1235 2319 1279 2379 sic
1304 2318 1508 2399 adjudicave-

243 2440 317 2486 runt
341 2426 422 2486 inter
446 2425 556 2484 ambas
581 2438 695 2504 partes,
722 2422 809 2503 quod
829 2437 962 2503 uterque
988 2442 1099 2483 eornm
1126 2422 1267 2505 deponat
1290 2423 1508 2504 juramentum

243 2531 275 2591 in
300 2551 352 2591 ara
377 2545 483 2590 sancte
504 2528 617 2590 Crucis
634 2529 790 2589 solusmet
813 2549 829 2588 a
848 2528 898 2588 die
917 2529 1117 2609 presencium
1135 2529 1175 2589 ad
1194 2531 1509 2610 quintumdecimum

243 2636 340 2707 diem,
366 2635 453 2716 quod
480 2655 537 2695 nec
563 2635 691 2696 Domko
717 2635 802 2716 spuit
826 2649 856 2694 et
888 2635 1048 2694 tussitavit
1072 2635 1184 2695 odiose
1210 2637 1240 2697 in
1267 2655 1341 2698 eum
1365 2641 1509 2719 ecquod

243 2762 301 2804 nec
326 2743 392 2824 ipse
419 2741 555 2802 Michael
582 2742 735 2802 voluisset
768 2742 798 2801 in
833 2741 1015 2802 reversione
1049 2742 1187 2802 eundem
1213 2743 1356 2824 proicere
1388 2743 1419 2804 in
1446 2743 1507 2806 los·

242 2863 357 2926 satum,
382 2862 412 2909 et
436 2849 480 2908 sic
507 2868 588 2909 unus
613 2851 652 2909 ab
677 2849 777 2909 altero
802 2849 1033 2930 expurgabam.

350 2956 442 3017 Sexta
469 2955 599 3035 (causa),
624 2955 755 3035 quando
773 2954 812 3014 ad
840 2954 1006 3014 ecclesiam
1025 2954 1158 3034 (ivisset)
1177 2955 1304 3017 Domlto
1322 2957 1509 3040 Peronych,

244 3063 326 3124 inter
349 3076 499 3144 apotecas
531 3076 606 3121 tunc
640 3062 682 3122 ibi
716 3061 798 3121 sedit
831 3060 968 3121 Michael
1003 3059 1192 3141 Optasnych
1226 3077 1298 3122 anre
1330 3064 1508 3126 stacionem

245 3169 411 3231 Michaelis
436 3169 564 3244 literati,
590 3169 709 3228 ibidem
729 3182 932 3249 pretereunte
959 3167 1044 3227 dicto
1071 3167 1241 3227 Domitone
1267 3169 1345 3230 dixit
1369 3170 1408 3230 ad
1434 3190 1508 3231 eum

244 3276 346 3337 dictus
372 3276 526 3336 Michael:
554 3275 692 3352 Domko,
719 3275 846 3336 Domko
864 3274 929 3334 noli
956 3275 1121 3334 ambulare
1141 3275 1337 3338 calumniose
1355 3291 1427 3358 post
1443 3297 1507 3356 me,

244 3396 274 3443 et
298 3383 483 3463 percuciens
520 3401 633 3462 seper
666 3384 793 3442 bursam
819 3399 928 3440 snam:
961 3401 1032 3441 ecce
1065 3381 1168 3442 habeo
1201 3382 1369 3463 pecuniam
1403 3384 1435 3443 in
1459 3403 1508 3463 ea,

243 3508 307 3549 non
334 3488 424 3548 bibes
449 3507 507 3569 pro
532 3488 672 3563 cisdem;
705 3504 735 3548 et
766 3488 809 3548 sic
835 3488 935 3548 eciam
968 3502 1063 3548 testes
1087 3486 1158 3548 fassi
1193 3504 1277 3566 sunt,
1301 3489 1352 3550 hic
1376 3509 1433 3571 per
1457 3489 1506 3571 ju-

244 3608 328 3656 ratos
353 3614 415 3655 non
442 3610 488 3654 cst
512 3595 689 3655 convictus.

350 3701 493 3782 Septima
519 3702 647 3780 (causa),
673 3701 803 3781 qnando
828 3701 939 3761 habuit
967 3701 1039 3762 lites
1064 3722 1121 3782 pro
1145 3703 1295 3762 tribunali
1322 3722 1394 3763 cum
1421 3702 1507 3765 dicto

245 3807 401 3869 Michaele
427 3806 616 3887 Oprasnych
642 3821 673 3867 et
696 3807 783 3887 quod
810 3807 939 3867 dixisset
963 3809 1022 3868 sibi
1049 3808 1186 3869 Michael
1212 3809 1297 3870 dicto
1324 3809 1505 3873 Domkoni:

244 3932 312 3973 sum
340 3913 453 3973 melior
479 3912 576 3973 bomo
602 3932 697 3993 qnam
723 3927 758 3973 tu
790 3933 833 3989 es,
866 3914 952 3993 quod
986 3914 1073 3975 solus
1098 3913 1198 3974 fassus
1235 3929 1282 3976 est
1305 3916 1420 3976 eodem
1453 3917 1506 3979 die

244 4018 276 4079 in
301 4018 440 4098 judicio;
465 4018 556 4097 jurati
584 4039 658 4079 vero
683 4018 726 4079 sic
751 4019 1017 4095 adjudicaverunt
1049 4020 1131 4081 inter
1156 4022 1266 4081 ambas
1291 4037 1405 4102 partes,
1430 4023 1505 4104 quia

243 4126 351 4207 sepius
374 4125 433 4186 luit
457 4126 564 4185 senior
588 4125 681 4201 iudex
699 4126 754 4185 sed
780 4146 816 4186 ex
839 4125 1108 4186 altercacionibus
1125 4127 1314 4187 eorumdem
1339 4129 1426 4209 quod
1447 4128 1507 4191 fuit

244 4230 348 4292 dictus
372 4231 509 4292 Michael
534 4245 678 4291 extrusus
703 4231 741 4290 de
767 4230 873 4292 osticio
907 4231 1066 4309 judicatus
1090 4250 1129 4292 eo
1153 4251 1254 4312 usque
1280 4234 1339 4293 sibi
1364 4235 1504 4315 graciam

244 4336 385 4398 inveniet
409 4339 494 4418 apud
520 4339 639 4418 regiam
666 4339 864 4399 Maiestatem
890 4352 921 4399 et
954 4337 1076 4399 ibidem
1099 4337 1254 4418 disposuit
1280 4340 1412 4419 negocia
1438 4361 1505 4418 sua,

244 4442 358 4504 iterum
384 4445 414 4503 in
440 4445 670 4523 regressionem
696 4445 742 4504 sui
760 4443 818 4506 tuit
842 4444 964 4505 locatus
980 4443 1020 4504 ad
1046 4444 1185 4505 eundern
1212 4441 1355 4506 osticium
1382 4446 1506 4523 iudicii,

244 4565 274 4609 et
298 4550 479 4610 invenimus
511 4551 649 4612 eundem
681 4552 778 4612 talem
810 4550 974 4612 hominem
1006 4550 1097 4612 sicuti
1135 4564 1181 4612 est
1215 4550 1360 4627 Domk03
1385 4553 1501 4615 eodem

244 4656 296 4718 die
320 4656 405 4717 idem
432 4657 559 4719 Domlto
589 4678 654 4718 non
679 4672 848 4719 contentus
871 4656 911 4720 de
935 4654 1056 4737 judicio
1089 4655 1267 4735 juratorum
1301 4657 1361 4718 hoc
1386 4678 1500 4720 omnes

245 4763 396 4827 articulos
420 4763 459 4824 ad
482 4765 624 4825 seniores
648 4764 832 4847 appellavit.
