3502 5264
242 334 304 394 226
624 332 820 406 Ann01524.
847 362 887 372 —
912 342 962 389 22.
979 329 1131 405 januarii

407 566 503 640 Faria
532 567 629 638 sexta
658 574 736 655 post
765 565 886 636 lostam
913 567 1003 635 beati
1032 563 1128 636 Pauli
1157 563 1335 635 Heremite.

643 731 704 795 (15.
720 720 872 795 januarii,
895 737 965 778 ann.
990 718 1092 795 1524).

346 863 498 944 Brywacz
523 860 563 921 ad
597 860 786 920 instanciam
814 858 943 920 Martini
971 858 1101 919 sartoris
1134 859 1277 919 secundo
1302 858 1417 920 citatus
1441 876 1508 920 non

241 968 435 1049 comparuit.

347 1074 425 1136 ltem
449 1073 562 1135 eadem
587 1072 639 1133 die
664 1073 774 1133 Petrus
803 1072 912 1132 Benak
943 1070 1086 1132 secundo
1112 1070 1226 1132 citatus
1250 1069 1289 1131 ad
1316 1069 1508 1131 instanciam

242 1181 370 1243 Andree
396 1180 537 1264 Dewyalt
563 1199 628 1240 non
653 1179 844 1260 comparuit.

347 1287 424 1348 Item
456 1286 569 1348 eadem
602 1286 654 1346 die
686 1285 814 1345 Domko
838 1297 927 1345 sutor
959 1283 1065 1365 primo
1097 1283 1210 1344 citatus
1243 1283 1283 1344 ad
1317 1281 1509 1344 instanciam

243 1393 367 1456 Nicolai
391 1393 507 1453 sutoris
531 1411 596 1453 non
623 1392 814 1472 comparuit.

349 1499 425 1560 ltem
443 1498 557 1559 eadem
573 1498 625 1559 die
646 1498 724 1560 lane
742 1497 918 1578 pixidarius
935 1496 974 1557 ad
993 1497 1182 1558 instanciam
1200 1495 1364 1557 Valentini
1382 1514 1510 1577 pugnat

242 1605 384 1668 secundo
409 1605 523 1666 citatus
547 1624 612 1666 non
637 1605 828 1687 comparuit.

414 1836 510 1915 Faria
538 1852 637 1914 sexta
666 1846 699 1914 in
728 1843 814 1914 festo
843 1840 932 1912 beati
961 1840 1130 1914 Vinceneii
1159 1841 1324 1913 martiris.

750 2001 815 2073 (22.
831 1999 994 2074 sinuant).

354 2139 481 2200 Domko
506 2154 594 2200 sutor
619 2139 657 2199 acl
685 2138 873 2199 instanciam
907 2138 1032 2198 Nicolai
1065 2137 1181 2198 sutoris
1206 2138 1347 2200 secundo
1372 2138 1511 2220 (citatus)

247 2266 311 2308 non
338 2246 529 2327 comparuit.

355 2352 433 2413 ltem
451 2353 564 2413 eadem
582 2352 634 2413 die
652 2352 729 2412 lane
747 2351 922 2433 pixidarius
939 2351 978 2411 ad
996 2351 1185 2413 instanciam
1203 2350 1365 2413 Valentini
1383 2370 1508 2432 pugnat

248 2459 348 2522 tercio
373 2459 498 2536 citatus,
522 2458 577 2518 sed
603 2473 732 2540 propter
757 2458 939 2518 absenciam
958 2458 1086 2518 testium
1113 2457 1208 2537 judex
1226 2457 1350 2519 distulit
1373 2457 1413 2518 ad
1437 2476 1512 2539 pro·

247 2568 366 2628 ximam
392 2565 559 2644 juridicam
586 2565 683 2627 diem.

355 2673 433 2733 Item
467 2672 579 2732 eadem
612 2672 663 2732 die
693 2671 821 2731 Andree
856 2670 998 2753 Dewyak
1029 2685 1140 2731 contra
1171 2670 1302 2732 Petrum
1328 2672 1436 2732 Benalr
1470 2669 1511 2730 ad

249 2780 495 2863 producendum
519 2794 615 2841 testes
639 2779 679 2840 ad
705 2777 816 2840 leriam
845 2779 976 2839 terciam
995 2778 1140 2859 proxime
1165 2792 1332 2840 venturam
1357 2777 1451 2840 datus
1467 2790 1515 2839 est

249 2887 416 2949 terminus.

361 2993 439 3054 Item
465 2992 578 3054 eadem
604 2992 656 3053 die
680 2992 712 3052 in
742 3010 836 3052 causa
868 2991 950 3052 inter
975 2991 1138 3052 Thomam
1172 3005 1204 3054 nt
1228 2991 1437 3052 Mathlconem
1461 3009 1514 3051 co·

251 3100 344 3161 lonos
368 3098 407 3158 de
442 3098 628 3177 Gracchan,
659 3099 735 3180 quia
767 3097 907 3179 prelatus
939 3098 1085 3159 Thomas
1117 3098 1326 3159 lllathkonem
1358 3097 1516 3174 vuluerat,

253 3198 320 3288 ipse
346 3220 452 3266 tamen
480 3205 612 3266 llathlto
637 3204 725 3286 prius
749 3204 781 3266 in
805 3204 944 3265 eundem
974 3205 1118 3280 irruerat,
1144 3203 1237 3281 jurati
1261 3204 1367 3265 taliter
1390 3201 1516 3281 adjudi-

252 3327 375 3386 carunt,
412 3326 445 3371 ut
471 3311 617 3372 Thomas
653 3311 780 3372 medico
812 3311 868 3371 lesi
902 3309 1074 3372 satisfaciat
1105 3324 1136 3371 et
1168 3309 1265 3385 iudici
1297 3329 1371 3371 cum
1405 3308 1516 3388 juratis

251 3419 396 3499 quinque
416 3438 542 3498 pensas,
567 3419 683 3478 vulnus
707 3415 786 3479 ferat
804 3417 870 3498 ipse
894 3416 1026 3478 llathlto
1044 3417 1119 3498 quia
1145 3418 1210 3498 ipse
1235 3416 1296 3478 luit
1311 3435 1405 3477 causa
1422 3428 1519 3497 prout

253 3538 347 3584 testes
372 3521 446 3584 lassi
472 3539 564 3599 sunt;
588 3523 730 3605 prelatus
755 3522 886 3585 ⁴llathlro
911 3523 951 3583 ad
980 3523 1102 3598 judices
1127 3524 1270 3584 seniores
1293 3521 1479 3604 appellavit.

362 3629 482 3690 Eadem
498 3630 549 3690 die
566 3631 595 3690 in
611 3650 705 3690 causa
724 3632 805 3690 inter
818 3629 1026 3690 l'alentinum
1045 3643 1213 3711 pugnaret
1230 3630 1381 3690 Marcum
1401 3628 1525 3710 Posgay

254 3751 288 3797 ut
314 3736 345 3796 in
370 3755 497 3796 causam
518 3751 692 3796 attractum
720 3737 751 3796 in
769 3755 809 3797 eo
834 3736 995 3813 videlicet,
1014 3737 1068 3797 ubi
1086 3735 1228 3817 prelatus
1250 3735 1440 3797 Valentinus
1451 3752 1525 3816 pro·

254 3845 395 3923 ponebat
419 3841 574 3902 adversus
601 3843 759 3913 Marcum,
792 3842 978 3922 quodcum
1013 3856 1043 3903 et
1067 3844 1199 3923 quando
1235 3840 1376 3924 prelatus
1400 3841 1527 3903 Marcus

254 3947 365 4008 luisset
397 3948 590 4009 castellanus
622 3949 715 4009 castri
752 3948 878 4030 Okych,
909 3963 985 4010 tunc
1018 3964 1204 4030 prenotatus
1238 3949 1429 4010 Valentinus
1451 3966 1524 4009 cum

254 4055 327 4114 aliis
351 4055 443 4115 certis
467 4056 657 4115 concivibus
675 4056 790 4115 nostris
815 4071 995 4136 perrenota
1021 4069 1051 4116 et
1072 4057 1308 4136 possessionem
1336 4055 1412 4117 dicti
1430 4053 1522 4117 castri

254 4179 364 4220 versus
388 4177 533 4221 sanctum
560 4161 768 4222 Leonardum
802 4162 859 4221 iter
896 4160 1053 4236 iecissent,
1085 4164 1316 4244 venissentque
1350 4163 1392 4224 ad
1423 4161 1525 4223 thelo-

255 4267 344 4327 nium
370 4269 428 4327 sub
460 4268 579 4327 tenutis
603 4267 679 4328 dicti
712 4269 803 4329 castri
836 4268 1065 4342 constitutum,
1098 4268 1350 4351 theleneumque
1382 4269 1457 4330 licet
1480 4266 1520 4327 de

256 4372 401 4433 libertate
428 4388 534 4433 nostre
560 4375 696 4434 civitatis
721 4393 786 4434 non
805 4375 995 4434 tenebantur
1012 4376 1149 4445 solvere.
1174 4374 1314 4456 perfecte
1342 4375 1526 4450 solvissent,

259 4479 317 4540 iter
342 4480 471 4539 tandem
496 4499 588 4540 suum
615 4482 767 4561 prosequi
786 4483 955 4562 cepissent.
980 4495 1055 4541 tunc
1081 4483 1112 4541 in
1138 4484 1189 4542 via
1214 4483 1344 4562 publica
1370 4498 1402 4544 et
1426 4482 1525 4543 libera

256 4585 364 4646 coloni
389 4602 419 4647 et
451 4585 625 4647 familiares
657 4587 800 4647 eiusdem
833 4606 872 4648 ex
904 4587 991 4648 dicto
1015 4602 1130 4659 castro,
1163 4603 1199 4650 ut
1233 4590 1301 4671 ipse
1325 4589 1463 4665 dicebat,
1486 4587 1526 4648 de

258 4692 423 4754 voluntate
448 4708 478 4754 et
502 4711 661 4754 consensu
687 4694 786 4772 ipsius
811 4694 909 4755 Marci
937 4694 1060 4779 Posgay
1089 4695 1121 4755 in
1146 4696 1279 4758 eosdem
1308 4696 1473 4758 irruissent
1495 4706 1527 4755 et

258 4818 308 4864 res
331 4814 433 4864 certas
456 4818 536 4884 quae
558 4818 667 4863 secum
693 4798 838 4864 ferebant
855 4801 896 4864 ab
919 4802 1040 4864 eisdem
1057 4804 1275 4886 abstulissent,
1298 4822 1439 4888 cumque
1455 4821 1523 4887 pre·
