3502 5264
627 323 713 380 Aeno
736 337 829 399 1490.
855 357 896 366 —
921 337 969 383 12.
993 324 1163 384 novembris.
1490 323 1532 405 69

1279 431 1531 439 .--——-—

269 536 409 598 totaliter
433 551 463 597 et
487 535 632 597 effective
663 535 789 596 solvere
824 534 1002 610 tenebitur;
1037 535 1138 596 Lucas
1164 535 1333 617 Rybarych
1367 555 1432 596 non
1458 554 1533 597 con·

268 657 375 704 tentua
398 642 572 725 appellavit
596 641 636 702 ad
660 641 802 702 seniores
825 641 865 701 de
890 642 1057 704 solucione
1086 641 1231 703 eiusdem
1256 642 1355 704 bovis.

572 877 669 952 Faria
696 888 794 952 serta
823 888 899 969 post
928 880 1050 950 festum
1079 880 1228 951 Martini.

767 1035 827 1109 (12.
852 1033 1036 1097 novembris).

376 1174 454 1236 item
479 1194 572 1236 causa
597 1175 679 1236 inter
704 1174 877 1236 Martinurn
895 1173 1106 1257 Jakcbewych
1132 1188 1162 1236 et
1187 1174 1385 1257 Symkonem
1403 1177 1531 1238 racione

270 1280 436 1343 cuiusdam
462 1280 594 1362 dampni
628 1295 836 1362 prorogatum
869 1293 916 1341 est
947 1279 987 1340 ad
1011 1280 1151 1362 primum
1184 1279 1339 1362 judicium
1365 1280 1418 1358 ita,
1443 1280 1532 1361 quod

269 1387 380 1469 Synko
406 1386 536 1448 habebit
561 1387 781 1449 testimonium
806 1387 993 1468 producere.

376 1492 452 1554 Item
478 1512 571 1554 causa
589 1493 671 1554 inter
696 1492 858 1554 Andreant
876 1507 906 1554 et
929 1493 1092 1553 Thornatn
1110 1507 1251 1553 sutorem
1277 1492 1404 1553 racione
1422 1493 1532 1554 verbe·

269 1599 406 1660 racionis
431 1613 462 1661 et
486 1598 710 1661 iniamacionis
741 1599 781 1659 ad
814 1599 954 1681 primum
986 1598 1141 1680 judicium
1166 1613 1212 1660 est
1243 1612 1452 1680 prorogatum
1478 1599 1531 1675 ita,

268 1704 357 1785 quod
381 1706 475 1766 ambe
500 1721 604 1788 partes
628 1705 850 1767 testimonium
874 1704 1052 1786 producere
1076 1704 1252 1765 habebunt.

374 1812 451 1874 item
477 1831 606 1873 causam
630 1812 712 1873 inter
736 1809 836 1872 filium
864 1811 946 1872 Petri
976 1809 1112 1872 Pechich
1145 1823 1175 1870 et
1200 1809 1374 1871 Martinum
1400 1808 1533 1871 Jakche·

271 1920 361 2003 wych
387 1918 514 1980 racione
539 1917 752 1999 quarumdam
782 1917 990 1999 pecuniarum
1015 1917 1108 1998 jurati
1140 1915 1416 1996 adjudicaverunt,
1441 1914 1531 1996 quod

268 2044 349 2086 uxor
366 2023 441 2085 dicti
459 2022 586 2084 Martini
605 2023 815 2105 Jakchewych
837 2023 966 2085 debebit
984 2022 1168 2084 metbtercia
1187 2022 1348 2103 deponere
1366 2021 1526 2102 juramen·

268 2145 336 2192 turn
362 2130 402 2192 ad
427 2129 743 2211 quintumdecimum
761 2129 846 2190 diem
871 2130 902 2190 in
921 2149 974 2190 ara
990 2143 1096 2190 sancte
1120 2127 1244 2205 Crucis,
1268 2127 1357 2209 quod
1382 2128 1448 2209 ipsa
1466 2147 1532 2189 non

270 2237 390 2318 recepit
414 2236 532 2297 dietam
554 2255 713 2297 summam
730 2235 865 2317 pecunie
889 2255 948 2297 nec
965 2253 1037 2296 cum
1062 2235 1143 2295 scitu
1167 2253 1226 2295 suo
1251 2233 1368 2315 recepti
1392 2246 1483 2309 sunt3
1506 2232 1533 2294 ai

268 2341 384 2423 jurabit
408 2357 484 2404 tunc
508 2341 592 2403 filius
617 2342 754 2404 Pechich
788 2341 905 2403 dictam
938 2360 1098 2403 summam
1124 2340 1260 2422 pecunie
1292 2340 1421 2401 debebit
1445 2340 1532 2401 exol-

267 2468 341 2510 vere
367 2449 506 2510 Martino
531 2448 755 2533 Jakcbewych,
779 2449 804 2509 si
829 2467 905 2509 vero
928 2468 992 2510 non
1017 2447 1147 2528 jurabit,
1178 2461 1254 2508 tunc
1279 2446 1435 2507 Martinus
1458 2445 1531 2508 Jak·

267 2554 420 2637 chewych
438 2555 470 2616 in
488 2554 630 2638 dampno
648 2556 801 2617 manebit.
820 2554 921 2616 Filius
938 2552 1074 2616 Pechich
1093 2566 1139 2613 est
1152 2566 1321 2613 contentus
1345 2552 1384 2612 de
1397 2550 1529 2634 judicio.
