3502 5264
623 320 709 376 Anno
732 328 823 395 1504.
849 351 890 361 -
914 332 962 378 12.
979 318 1132 395 januarii.

710 528 870 610 Georgius
894 530 1058 593 Zthansin.

705 635 843 697 Mathias
867 635 1018 699 carnifex.

708 742 905 804 Laurentius
929 742 1192 807 Lachnowichin.

710 847 847 910 Michael
877 868 997 930 sporar.

709 952 869 1035 Georgius
892 970 991 1017 autor.

708 1060 855 1122 Andreas
877 1075 977 1124 sutor.

708 1166 821 1228 Petrus
845 1168 965 1231 Benak.

708 1274 900 1336 Valentinus
922 1274 1073 1358 frenipar.

708 1380 861 1442 Nicolaus
885 1380 1020 1445 Thotar.

712 1487 868 1548 Martinus
891 1489 1042 1569 agricola.

708 1593 812 1655 Lucas
835 1594 987 1675 agricola.

708 1699 863 1761 Nicolaus
885 1715 985 1763 sutor.

708 1804 885 1886 Gregorius
908 1822 1007 1868 sutor.

749 1951 869 2009 Caetera
892 1951 1003 2012 rhsunt.

243 2149 338 2221 Feria
368 2144 473 2222 tercia
502 2155 657 2240 proxima
686 2153 765 2223 ante
802 2153 924 2223 festum
952 2154 1042 2224 beati
1074 2151 1167 2223 Pauli
1197 2144 1297 2241 primi
1327 2150 1509 2223 Heremite.

656 2298 700 2362 (9.
716 2287 869 2362 januarii,
893 2308 963 2347 ann.
989 2288 1091 2365 1504).

349 2407 454 2469 Causa
473 2409 554 2471 inter
571 2408 749 2488 Georgium
769 2409 959 2471 familiarem
979 2411 1102 2472 domini
1121 2410 1262 2471 doctoris
1284 2425 1316 2471 et
1331 2409 1510 2492 quemdam

243 2513 333 2574 Hans
357 2513 530 2591 Croacum‚
555 2534 651 2596 quem
685 2517 845 2578 asserebat
869 2535 938 2577 esse
972 2514 1073 2577 iurem
1100 2515 1316 2598 quorumdam
1349 2534 1511 2597 equorum

242 2620 380 2681 duorum
406 2619 519 2702 prefati
545 2620 670 2681 domini
700 2621 852 2697 doctoris,
883 2622 939 2702 qui
965 2620 1126 2703 Georgius
1149 2642 1206 2704 per
1236 2621 1425 2683 mandatum
1451 2620 1511 2682 do·

242 2726 320 2786 mini
345 2727 394 2786 sui
419 2742 450 2787 et
474 2727 666 2807 quibusdam
694 2727 890 2801 hominihus,
925 2748 1008 2809 quos
1031 2728 1159 2790 dicebat
1181 2743 1277 2790 testes
1301 2747 1380 2805 esse,
1403 2726 1512 2789 dictus

243 2830 404 2912 Georgius
434 2831 509 2893 fecit
541 2832 676 2893 detineri
709 2850 739 2893 et
771 2833 936 2895 detentum
970 2832 1122 2909 judicari,
1156 2835 1211 2896 uhi
1237 2833 1361 2895 domini
1386 2831 1512 2913 judices

242 2957 340 3018 penes
365 2939 506 3019 ipsorum
531 2939 756 2999 attestaciones
779 2939 885 3000 taliter
913 2938 1148 3017 adjudicarunt,
1173 2939 1342 3020 quomodo
1365 2936 1511 3020 prefatus

243 3041 404 3123 Georgius
427 3060 537 3105 contra
562 3045 683 3105 dictum
710 3044 800 3105 Hans
824 3045 950 3105 nullum
971 3046 1191 3106 testimonium
1217 3044 1377 3127 perhiberi
1402 3044 1512 3125 potuit

243 3151 317 3211 ideo
342 3151 427 3212 idem
452 3152 618 3212 convictus
641 3166 687 3212 est
712 3152 742 3211 in
768 3152 843 3212 vivo
868 3150 1040 3231 homagio;
1071 3152 1202 3212 tandem
1225 3152 1250 3211 si
1276 3150 1380 3211 dictus
1403 3147 1512 3212 Geor·

241 3257 315 3336 gius
339 3276 395 3337 per
419 3257 606 3317 mandarum
632 3257 755 3316 domini
780 3257 828 3317 sui
854 3271 884 3317 et
906 3276 962 3337 per
986 3257 1090 3317 dictos
1113 3272 1208 3318 testes
1226 3255 1300 3317 iecit
1323 3254 1459 3317 detineri
1478 3270 1512 3318 et

242 3381 315 3422 cum
341 3361 509 3423 testificare
535 3382 598 3423 non
624 3363 739 3443 potuit,
765 3363 869 3423 dictus
886 3360 1046 3442 Georgius
1063 3377 1176 3443 querat
1199 3361 1341 3444 prefatos
1363 3374 1460 3423 testes
1476 3376 1510 3425 et

242 3469 412 3529 dominum
444 3487 549 3529 suum.
583 3467 817 3528 illustrissimus
842 3487 916 3527 tero
949 3469 1100 3528 dominus
1132 3468 1195 3527 dux
1229 3468 1269 3529 de
1301 3464 1426 3548 prefato
1450 3465 1511 3528 ho·

243 3576 351 3654 magio
368 3576 442 3634 rivo
460 3575 518 3655 ipsi
537 3573 680 3653 Georgio
703 3574 844 3653 graciam
867 3572 951 3649 fecit,
967 3594 1004 3632 ex
1018 3593 1084 3654 quo
1101 3572 1242 3654 prefatus
1259 3573 1350 3634 Hans
1365 3571 1513 3634 Croacus

242 3682 318 3742 talia
342 3680 508 3740 latrocinia
533 3680 737 3761 perpetravit.

244 3882 340 3953 feria
369 3896 467 3952 serta
497 3881 651 3969 proxima
690 3894 766 3970 post
797 3881 917 3951 testum
956 3879 1045 3950 heati
1074 3879 1170 3950 Pauli
1200 3876 1300 3967 primi
1327 3869 1509 3951 heremite.

752 4029 818 4089 (12.
835 4014 1004 4090 januarii).

351 4140 531 4220 Stephanus
547 4159 645 4219 gener
663 4138 837 4199 Pethkonis
860 4138 900 4198 ad
919 4139 1106 4197 instanciam
1124 4136 1250 4197 Nicolai
1267 4137 1386 4198 sutoris
1401 4137 1511 4219 primo

243 4248 358 4307 citatus
383 4265 446 4305 non
472 4246 662 4325 comparuit.

351 4351 475 4411 Eodem
501 4351 552 4410 die
578 4351 724 4411 Thomas
756 4349 974 4430 carpentarius
1006 4347 1045 4406 ad
1071 4346 1258 4406 instanciam
1292 4347 1420 4409 discreti
1451 4347 1512 4411 do·

245 4459 323 4517 mini
350 4458 504 4517 Anthonii
528 4458 660 4517 rectoris
684 4456 793 4515 altaris
809 4456 908 4514 sancti
927 4453 1083 4513 iohannis
1109 4452 1247 4532 tsapziste
1266 4453 1371 4533 primo
1394 4454 1513 4519 citatus

245 4582 309 4623 non
334 4564 525 4643 comparuit.

351 4668 497 4729 Thomas
520 4668 738 4749 carpentarius
761 4680 871 4726 contra
904 4664 1077 4723 discretum
1110 4662 1280 4727 tiouainum
1304 4666 1511 4733 anthonium

244 4790 400 4836 rectorem
413 4775 632 4834 altarissancti
646 4772 803 4834 iohannis
813 4771 952 4851 Baptista
962 4768 1105 4829 secernit»
1114 4770 1228 4830 citatus
1237 4790 1302 4831 non
1315 4772 1511 4855 comparuit.
