3502 5264
612 349 807 422 Anno1521.
833 381 873 391 -
899 361 945 423 13.
969 348 1128 409 decembris.

517 564 611 638 leria
640 574 737 637 sexta
766 559 799 636 in
828 566 914 638 festo
943 565 1040 640 lucie
1065 565 1216 655 virginis.

744 719 805 794 (13.
829 718 1000 793 decembris).

348 858 380 920 ln
414 879 507 920 causa
539 860 620 920 inter
652 859 859 920 Valentinum
895 857 1087 939 freniparem
1120 873 1151 920 et
1185 860 1357 921 Martinum
1389 880 1426 921 ac
1452 861 1509 922 Jo-

241 965 382 1027 hannem
408 963 547 1026 famulos
563 965 843 1042 tricesimatorum‚
865 964 1033 1045 quomodo
1051 964 1202 1027 videlicet
1217 964 1330 1048 prelati
1349 966 1511 1028 Martinus

241 1084 272 1132 et
296 1069 459 1132 Johannes
482 1083 670 1131 annotatum
703 1070 911 1131 Valentinum
944 1070 976 1131 in
1008 1069 1108 1131 domo
1134 1068 1297 1133 Dorothee
1329 1070 1439 1133 relicte
1464 1071 1509 1133 ad

241 1189 356 1237 terram
383 1188 575 1256 prostratum
609 1176 828 1237 verberassent
860 1188 955 1256 prout
979 1189 1009 1236 et
1032 1175 1123 1256 signa
1155 1189 1370 1257 apparuerunt
1403 1178 1509 1239 mani·

243 1279 332 1359 iesta,
365 1281 614 1361 testimonioque
644 1295 689 1341 est
720 1281 977 1362 comprobatum,
1002 1280 1094 1359 jurati
1116 1280 1352 1362 adjudicarunt,
1376 1296 1411 1344 ut
1434 1302 1508 1364 pre·

243 1385 318 1447 dicti
344 1387 500 1447 Martinus
524 1406 559 1448 ac
584 1386 746 1447 lohannes
764 1387 831 1447 leso
850 1387 881 1446 in
908 1385 1020 1448 decem
1038 1387 1156 1466 pensis,
1173 1387 1299 1470 hospite
1324 1387 1508 1449 violacione

242 1493 358 1555 domus
382 1493 491 1555 decem
518 1494 634 1575 pensis,
659 1493 756 1574 judici
782 1493 921 1554 denariis
953 1508 1082 1555 centum
1106 1493 1285 1555 habeantur
1308 1494 1459 1557 convicti.

350 1600 472 1660 Eodem
492 1599 543 1660 die
561 1620 654 1661 causa
669 1601 749 1661 inter
764 1599 936 1661 Nicolaum
950 1599 1084 1681 spor(ar)
1098 1614 1128 1661 et
1143 1600 1326 1681 Philiphum
1342 1599 1506 1662 Croacum

244 1706 371 1766 racione
397 1720 427 1766 et
451 1719 595 1786 pretextu
620 1705 784 1766 ctiusdam
815 1703 905 1766 fundi
939 1706 1054 1768 deserti
1087 1706 1169 1768 inter
1193 1707 1307 1768 domos
1332 1707 1504 1789 utriusque

252 1811 423 1888 existentis,
448 1810 538 1872 cuius
569 1810 774 1872 medietatem
803 1811 956 1873 Nicolaus
989 1812 1140 1873 voluisset
1171 1811 1299 1891 habere,
1322 1812 1414 1893 jurati
1447 1814 1504 1873 ad-

251 1916 442 1995 judicarunt,
467 1931 501 1977 ut
525 1916 662 1997 quilibet
685 1936 796 1978 eorum
817 1931 912 1999 prout
937 1917 968 1978 in
993 1917 1092 1979 literis
1123 1917 1290 1998 utriusque
1313 1918 1507 1997 continetur,

247 2021 450 2083 medietatem
488 2021 587 2103 ipsius
611 2020 700 2083 iundi
736 2021 869 2098 habeat;
903 2023 957 2103 qui
990 2023 1015 2084 si
1047 2023 1163 2104 aliquis
1195 2023 1226 2083 in
1260 2022 1374 2084 eodem
1402 2020 1506 2085 fundo

245 2127 376 2189 domum
403 2127 541 2190 voluerit
565 2127 723 2206 edificare,
748 2142 863 2190 extunc
887 2131 984 2191 ambo
1017 2129 1181 2191 debebunt
1205 2128 1385 2206 remittete;
1410 2149 1507 2212 supet

243 2254 308 2316 quo
333 2233 474 2316 prefatus
497 2235 650 2297 Nicolaus
675 2254 739 2297 non
765 2249 935 2298 contentus
951 2236 1037 2317 juxta
1054 2234 1344 2318 (consvetudinem)
1368 2235 1507 2299 civitatis

243 2341 282 2402 ad
307 2340 428 2421 judices
451 2342 593 2404 seniores
617 2361 746 2404 causam
770 2343 872 2423 ipsam
897 2343 1082 2424 appellavit.

349 2448 426 2509 ltem
451 2448 566 2510 eodem
598 2449 649 2509 die
682 2468 776 2510 causa
808 2448 890 2509 inter
918 2447 1142 2510 honorabilem
1176 2447 1346 2512 dominum
1373 2447 1505 2511 Gallum

245 2553 493 2634 prebendarium
512 2553 599 2615 chori
617 2555 835 2635 zagrabiensis
852 2570 882 2615 et
899 2556 1090 2636 prudentem
1109 2553 1301 2616 Michaelem
1315 2552 1506 2636 Oprasnych

243 2658 383 2738 judicem
407 2660 565 2720 seniorem
591 2675 637 2723 est
662 2674 748 2721 mota
764 2680 861 2742 super
890 2661 1029 2742 quadam
1048 2661 1252 2742 obligacione
1276 2660 1401 2722 Nicolai
1418 2660 1505 2744 Vyd·

244 2765 377 2849 kowych
402 2766 539 2846 privigni
558 2767 657 2849 ipsius
675 2767 841 2829 Michaelis
862 2766 1063 2851 Oprasnych‚
1081 2787 1178 2849 quam
1193 2764 1312 2829 fecerat
1335 2786 1408 2829 cum
1425 2786 1506 2849 quo·

245 2870 318 2931 dam
343 2872 508 2933 leronimo
535 2872 690 2934 Palamini
716 2873 774 2955 ipsi
799 2873 933 2935 domino
963 2872 1059 2936 Gallo
1084 2893 1142 2956 pro
1166 2873 1235 2935 flor.
1260 2874 1383 2955 viginti,
1406 2893 1505 2955 quam

247 2996 406 3038 summam
431 2979 566 3059 pecunie
594 2978 733 3060 prelatus
758 2977 871 3040 Gallus
888 2981 1042 3062 presbiter
1066 2981 1108 3041 ob
1124 2980 1375 3042 condescensum
1399 2999 1505 3041 rerum

246 3081 358 3163 prelati
387 3084 512 3145 Nicolai
536 3085 762 3167 Wydkowych
787 3085 826 3146 ad
861 3086 999 3147 eundem
1033 3085 1226 3147 Michaelem
1251 3084 1442 3169 Optasnych
1465 3086 1506 3147 ab

245 3187 359 3250 eodem
386 3192 560 3271 repetebat,
583 3191 638 3250 sed
660 3191 814 3271 quoniam
832 3188 972 3273 prefatus
996 3192 1180 3252 Jeronimus
1197 3191 1353 3253 Palamini
1378 3191 1508 3253 miserat

246 3294 400 3374 quasdam
425 3296 532 3356 literas
548 3315 620 3357 suas
645 3297 703 3377 ipsi
721 3296 855 3358 domino
881 3296 978 3358 Gallo
996 3298 1114 3378 quibus
1137 3317 1169 3357 se
1187 3301 1357 3358 excusabat
1380 3295 1420 3357 de
1437 3310 1507 3358 toto

246 3400 366 3477 debito,
391 3421 533 3464 asserens
550 3402 637 3483 quod
659 3422 731 3463 cum
750 3417 960 3464 reverteretur
977 3401 1062 3464 lacto
1079 3416 1233 3484 computo
1257 3401 1392 3464 domino
1410 3399 1508 3463 Gallo

245 3508 370 3569 solvere
395 3508 501 3586 vellet,
525 3508 617 3585 jurati
635 3509 861 3588 adjudicarunt
874 3509 960 3590 juxta
978 3508 1106 3571 easdem
1128 3508 1235 3570 literas
1259 3522 1293 3569 ut
1318 3507 1416 3587 judex
1431 3506 1508 3568 civi·

245 3615 317 3674 tatis
348 3616 407 3674 sub
439 3635 497 3676 suo
528 3615 635 3695 sigillo
667 3629 822 3677 annotato
855 3616 1021 3677 Jeronimo
1054 3615 1161 3676 literas
1193 3614 1333 3676 mitteret
1365 3611 1507 3694 petendo

247 3720 384 3782 eundem
413 3736 446 3781 ut
471 3720 608 3782 fideliter
632 3723 819 3783 rescriberet
843 3743 882 3782 an
901 3720 1059 3802 prefatum
1085 3720 1256 3781 Nicolaum
1281 3716 1507 3802 Wydkowycb

247 3828 278 3888 in
304 3827 362 3888 hac
397 3848 429 3889 re
462 3826 578 3889 iaceret
609 3847 702 3888 suunt
736 3828 977 3889 condebitorem
1011 3827 1090 3888 etsi
1123 3825 1184 3887 hoc
1208 3824 1379 3907 negocium
1409 3823 1508 3886 adse

246 3935 468 4015 assumpsisset
483 3936 531 3996 vel
551 3954 634 4011 non;
652 3955 744 3996 causa
760 3950 866 3997 autem
885 3934 993 4016 quoad
1011 3934 1101 3994 litere
1118 3933 1276 4009 venirent,
1291 3929 1508 4013 supersedeat.

354 4041 430 4101 ltem
455 4042 566 4103 eadem
599 4042 649 4102 die
683 4040 921 4123 Krachewycha
954 4040 994 4101 ad
1027 4039 1214 4100 instanciam
1247 4036 1365 4098 Matbei
1389 4036 1508 4118 Boaya·

247 4148 377 4208 kowecz
402 4148 543 4208 secundo
569 4148 660 4209 citata
686 4166 750 4208 non
776 4148 964 4229 comparuit.
