3502 5264
243 582 340 644 retur,
365 586 401 627 ac
426 565 555 627 tandem
582 566 727 626 universa
765 567 847 627 bona
880 569 1013 629 mobilia
1038 569 1114 630 dicti
1148 570 1285 630 condem
1312 567 1443 649 Georgii
1477 583 1507 629 et

243 673 343 734 eciam
370 692 432 754 que
457 673 484 734 ei
510 672 628 752 legavit
652 673 925 752 testamentaliter,
950 675 1056 737 eidem
1080 675 1211 737 domine
1237 675 1428 757 Magdalene
1459 694 1507 737 re·

244 780 456 842 mitterentur.
489 779 655 839 Postremo
686 778 846 859 allegavit,
876 780 964 860 quod
997 795 1068 863 post
1099 795 1235 843 mortem
1268 781 1343 842 dicti
1368 780 1505 842 condam

244 885 376 966 Georgii
402 884 557 946 nonnulla
583 885 690 946 debita
714 906 770 967 per
792 887 931 947 eundem
957 885 1135 969 Georgium
1160 901 1332 966 contracta,
1356 887 1424 969 ipsa
1449 886 1506 949 do·

243 993 329 1052 mina
363 991 556 1072 Magdalena
597 991 807 1052 creditoribus
847 992 990 1055 eiusdem
1024 992 1157 1076 Georgii
1189 993 1401 1076 quadraginta
1434 991 1505 1055 flor.

246 1099 404 1177 solvisset,
428 1099 467 1161 de
492 1099 609 1180 quibus
633 1099 779 1161 similiter
796 1098 1049 1162 satisfaccionem
1067 1100 1125 1161 sibi
1153 1100 1296 1182 impendi
1321 1100 1505 1184 postulavit.

349 1206 475 1279 Quibus
499 1205 543 1266 sic
567 1205 739 1286 propositis
763 1226 798 1266 ac
822 1206 965 1287 parcium
994 1206 1145 1269 hincinde
1170 1207 1424 1288 allegacionibus
1448 1226 1504 1268 au-

244 1310 328 1389 ditis,
352 1311 492 1392 visisque
517 1310 689 1393 superinde
714 1326 745 1372 et
770 1312 939 1373 intellectis
964 1313 1249 1374 consvetudinibus
1273 1313 1362 1396 regni
1388 1327 1419 1374 et
1443 1312 1505 1394 pri·

242 1418 367 1499 vilegiis
399 1418 547 1478 divorum
582 1437 692 1497 regum
725 1417 798 1478 huic
830 1418 948 1480 civitati
979 1420 1149 1497 concessis,
1180 1420 1352 1480 summarie
1385 1418 1506 1500 judices

243 1525 393 1585 antedicti
420 1524 540 1585 eisdem
566 1524 596 1583 in
624 1523 785 1605 premissis
809 1524 914 1586 taliter
945 1524 1220 1605 adjudicaverunt,
1245 1526 1333 1607 quod
1358 1525 1507 1586 videlicet

241 1629 383 1713 prelatus
408 1631 535 1691 Domko
562 1629 736 1712 Perowych
761 1646 943 1712 compertus
968 1647 1014 1693 est
1039 1652 1131 1693 verus
1148 1632 1238 1694 heres
1263 1631 1408 1692 omnium
1434 1650 1505 1712 pos·

242 1739 420 1799 sessionum
445 1752 475 1799 et
501 1739 659 1798 bonorum
685 1751 890 1818 paternorum
910 1738 1127 1816 inmobilium,
1153 1739 1219 1819 ipse
1244 1752 1352 1798 autem
1377 1737 1505 1798 Domko

243 1844 350 1905 dotem
377 1859 542 1926 paternam
567 1843 650 1904 dicte
679 1843 810 1905 domine
843 1843 1035 1925 Magdalene
1067 1844 1217 1905 videlicet
1241 1844 1403 1925 sexaginta
1435 1842 1504 1906 flor.

243 1951 310 2011 auri
336 1953 368 2011 in
394 1951 493 2012 literis
518 1949 632 2030 judicis
656 1964 686 2010 et
710 1949 886 2031 juratorum
912 1951 1048 2012 civitatis
1073 1950 1230 2012 Budensis
1254 1970 1418 2031 expressos
1441 1950 1505 2011 sol·

242 2078 314 2118 vere
340 2057 469 2118 debebit
495 2072 525 2117 et
549 2057 673 2117 debeat.

348 2163 424 2224 ltem
451 2177 651 2244 compertum
677 2178 733 2240 est,
758 2163 845 2243 quod
868 2164 934 2244 ipsa
960 2163 1091 2225 domina
1109 2163 1300 2243 Magdalena
1326 2183 1382 2244 pro
1409 2164 1503 2224 rebus

242 2269 495 2351 parafernalibus
512 2269 610 2329 nichil
635 2269 749 2330 debeat
767 2270 883 2330 habere
908 2290 945 2331 ex
970 2290 1020 2347 eo,
1045 2270 1119 2350 quia
1139 2269 1220 2330 foret
1237 2284 1346 2330 contra
1372 2288 1503 2330 consve-

241 2375 387 2437 tudinem
402 2375 497 2435 huius
521 2374 669 2452 civitatis,
693 2374 847 2455 quoniam
872 2375 1025 2436 hactenus
1044 2395 1209 2456 nunquam
1234 2395 1292 2457 pro
1317 2374 1502 2436 huiusmodi

242 2483 336 2544 rebus
361 2479 614 2562 parasetnalibus
639 2501 695 2562 per
718 2480 858 2561 aliquem
885 2481 933 2541 vel
960 2481 1101 2562 aliquam
1121 2481 1184 2542 ulla
1210 2501 1304 2543 causa
1328 2480 1505 2542 dinoscitur

242 2588 338 2649 fuisse
362 2602 558 2668 attemptata,
584 2601 714 2669 propter
738 2586 825 2668 quod
853 2588 941 2648 accio
974 2588 1158 2649 huiusmodi
1192 2607 1297 2649 rerum
1324 2585 1504 2668 paralerna·

241 2695 321 2755 lium
347 2695 493 2775 pluribus
518 2693 699 2754 racionibus
724 2693 763 2753 ad
789 2693 820 2753 id
846 2693 1071 2754 accedentibus
1104 2694 1134 2753 in
1161 2693 1218 2754 hac
1245 2693 1370 2754 civitate
1396 2693 1503 2753 locum

242 2819 407 2881 nunquam
440 2799 587 2860 habuisse
620 2800 784 2880 cognitum
818 2813 873 2876 est,
906 2813 936 2859 et
970 2819 1072 2879 neque
1106 2800 1203 2860 modo
1235 2799 1343 2879 aliqua
1376 2799 1503 2859 racione

242 2906 336 2966 debet
368 2905 484 2966 habere
516 2905 570 2965 sed
604 2906 643 2966 sit
674 2919 824 2966 contenta
848 2926 897 2982 e0,
930 2906 1018 2986 quod
1054 2920 1198 2986 pretextu
1232 2905 1371 2986 ipsarum
1397 2922 1503 2965 tetum

240 3011 487 3094 parafernalium
521 3026 680 3093 pretactus
713 3011 871 3090 Georgius
903 3011 1020 3091 legavit
1052 3011 1109 3071 sibi
1137 3011 1176 3071 de
1209 3012 1302 3071 rebus
1327 3010 1503 3071 mobilibus

241 3133 313 3200 post
343 3134 479 3180 mortem
512 3138 613 3195 suam,
645 3137 724 3198 quas
756 3117 875 3177 scilicet
907 3138 956 3178 res
986 3131 1103 3197 etque
1137 3118 1221 3177 bona
1254 3117 1385 3177 mobilia
1418 3115 1502 3194 juxta

242 3225 407 3307 privilegia
440 3225 576 3286 civitatis
606 3225 709 3304 legare
743 3224 858 3305 potuit,
891 3243 955 3283 non
989 3223 1189 3283 obstantibus
1222 3222 1503 3303 propositionibus

241 3330 353 3414 prefati
380 3331 559 3392 Domkonis
583 3331 637 3391 ubi
663 3330 747 3389 idem
774 3330 906 3410 optabat
923 3349 983 3406 res,
1009 3332 1091 3390 bona
1118 3344 1148 3390 et
1172 3328 1319 3389 clenodia
1345 3328 1375 3388 in
1402 3328 1500 3388 domo

240 3452 371 3520 paterna
397 3438 514 3514 habita,
546 3456 608 3517 que
641 3456 696 3517 per
720 3451 842 3516 patrem
875 3435 1062 3495 eorumdem
1097 3435 1275 3495 Domkonis
1306 3449 1336 3494 et
1369 3433 1499 3514 Georgii

241 3544 394 3624 acquisita
421 3543 556 3620 fuerant,
582 3557 611 3602 et
630 3543 714 3603 idem
742 3540 901 3621 Georgius
918 3556 1129 3622 occupaverat
1152 3555 1182 3601 et
1207 3541 1237 3600 in
1263 3540 1376 3601 eadem
1402 3540 1500 3600 domo

242 3651 407 3730 comperit,
439 3649 513 3709 talia
538 3649 646 3709 omnia
680 3650 763 3708 bona
798 3648 931 3708 mobilia
963 3667 999 3708 ex
1033 3667 1097 3727 qno
1130 3646 1233 3707 dictus
1263 3646 1421 3727 Georgius
1446 3666 1501 3727 per

241 3755 344 3815 varias
376 3753 487 3835 fatigas
523 3769 553 3815 et
589 3773 742 3834 expensas
784 3754 843 3813 sibi
885 3753 1092 3814 hereditatem
1126 3752 1259 3831 juridice
1295 3753 1501 3832 acquisivisse

241 3862 507 3942 comperiebatur,
533 3861 605 3921 ideo
630 3860 696 3942 ipsa
729 3861 813 3919 bona
846 3859 979 3919 mobilia
1005 3857 1145 3939 prelatus
1177 3858 1314 3918 condam
1341 3857 1501 3937 Georgius

241 3979 405 4047 tamquam
431 3967 558 4048 propria
591 3966 695 4048 potuit
728 3965 835 4045 legare
860 3980 890 4025 et
922 3965 988 4045 ipsa
1013 3965 1145 4025 domina
1181 3964 1370 4045 blagdalena
1397 3965 1501 4025 valeat

242 4073 356 4134 habere
372 4089 401 4134 et
426 4092 633 4154 quocumque
656 4072 792 4132 voluerit
810 4085 986 4152 exportare,
1003 4071 1141 4151 demptis
1158 4071 1323 4130 dumtaxat
1347 4070 1420 4147 illis,
1439 4090 1500 4150 que

241 4180 329 4241 clare
354 4179 462 4260 ligneo
488 4180 537 4240 vel
564 4178 666 4239 ferreo
692 4178 969 4259 qualitercumque
986 4175 1079 4236 asiixn
1101 4176 1151 4237 vel
1177 4196 1315 4257 appensa
1341 4191 1444 4236 essent
1469 4176 1500 4236 in

242 4284 340 4346 domo
365 4284 518 4367 predicta,
542 4305 603 4366 que
633 4284 741 4345 omnia
774 4283 893 4343 ibidem
926 4283 1106 4363 relinquere
1140 4282 1252 4356 ‹lebet;
1277 4296 1307 4342 et
1332 4283 1407 4363 quia
1434 4283 1500 4363 ipsa

241 4392 373 4454 domina
390 4391 581 4473 Magdalena
599 4407 669 4473 post
686 4402 821 4451 mortem
845 4387 956 4470 prelati
976 4388 1106 4469 Georgii
1125 4389 1229 4449 mariti
1247 4389 1293 4449 sui
1312 4403 1394 4449 certa
1417 4391 1500 4449 bona

242 4498 407 4561 videlicet:
425 4497 527 4559 hostia
545 4497 644 4558 ferrea
662 4511 692 4556 et
717 4495 870 4556 fenestras
893 4496 1009 4555 vitreas
1033 4514 1068 4555 ac
1093 4494 1256 4555 clausuras
1281 4495 1402 4575 ligneas
1422 4495 1501 4576 ipsa·

244 4625 313 4669 tum
338 4605 548 4668 fenestrarum
572 4603 768 4666 extrahendo
799 4601 945 4662 vendidit
968 4615 998 4662 et
1030 4620 1095 4682 quo
1119 4620 1174 4661 sue
1199 4601 1320 4682 placuit
1344 4602 1500 4664 voluntati

244 4713 405 4796 fecitque
428 4709 636 4776 clavoalfixa
659 4710 720 4773 alia
754 4728 832 4771 vero
859 4727 997 4791 appensa
1021 4703 1161 4787 luerunt,
1194 4707 1266 4769 ideo
1293 4706 1351 4790 ipsi
1376 4707 1499 4769 domini

242 4818 366 4905 judices
396 4816 672 4902 adiudiesverunt,
704 4829 740 4879 ut
765 4814 872 4900 primo
901 4832 960 4899 per
986 4811 1157 4896 magistros
1187 4811 1260 4876 talis
1289 4813 1365 4876 attis
1388 4826 1421 4876 et
1443 4832 1501 4896 per
