3502 5264
642 331 728 388 Anno
751 343 838 406 1523.
862 363 905 374 —
929 326 979 391 18.
1002 333 1112 392 martii.

670 541 868 603 Laurentius
891 555 990 603 sutor.

666 647 784 709 Paulus
807 647 1016 730 Widowzyn.

670 752 859 837 Stephycza.

668 860 792 922 Blasius
815 874 915 922 sutor.

662 965 822 1047 Georgius
845 980 943 1028 sutor.

668 1072 812 1135 Thomas
837 1072 986 1155 frenipar.

664 1178 817 1240 Nicolaus
841 1179 1004 1261 clipeator.

669 1285 815 1346 Matheus
838 1300 935 1346 sutor.

669 1391 850 1472 Stephanus
872 1391 1013 1452 sororius
1038 1389 1278 1472 Kohchewych.

668 1497 826 1559 Martinus
850 1496 948 1559 faber.

667 1603 770 1663 Lucas
792 1602 929 1664 cheztan

669 1707 822 1770 Thomko
846 1722 944 1772 sutor.

666 1815 857 1876 Valentinus
880 1817 977 1878 tesalr.

666 1919 849 1982 Anthonius
873 1919 1038 1982 Planthalr.

415 2192 508 2266 Feria
539 2195 664 2283 quarta
692 2197 844 2282 proxima
872 2204 947 2282 post
976 2195 1174 2265 dominicam
1204 2194 1332 2266 letare.

768 2359 833 2436 (18.
857 2363 984 2436 martii).

352 2521 491 2582 Causam
518 2521 599 2581 inter
623 2521 827 2581 Franciscum
854 2520 1051 2604 Quatrochy,
1082 2534 1117 2582 ut
1140 2534 1279 2581 actorem
1304 2522 1344 2581 ab
1369 2540 1443 2598 una,
1475 2534 1506 2581 et

245 2628 415 2689 Nicolaum
444 2627 612 2704 Palamini,
637 2641 671 2688 ut
696 2646 797 2703 reum,
830 2628 973 2688 seniores
1004 2626 1126 2708 judices
1150 2627 1285 2688 omnino
1318 2626 1402 2705 juxta
1434 2645 1504 2687 sen·

248 2734 383 2794 tenciam
411 2731 586 2810 juratorum
613 2734 809 2813 aprobsrunt
834 2747 865 2794 et
881 2731 1152 2794 confirmaverunt
1175 2732 1260 2811 juxta
1278 2732 1506 2814 inscripciones

245 2858 358 2899 manus
383 2840 510 2919 proprie
537 2837 649 2919 prelati
675 2839 828 2899 leronimi
854 2838 1010 2899 Palamiui
1032 2850 1062 2898 et
1085 2834 1241 2899 fossiones
1265 2856 1373 2898 coram
1398 2836 1505 2916 judice

244 2944 391 3019 civitatis,
416 2959 446 3003 et
471 2943 559 3025 quod
584 2959 658 3004 tunc
690 2944 844 3025 temporis
872 2944 981 3005 nullus
1015 2944 1231 3005 contradictor
1263 2943 1415 3004 extitisset
1447 2961 1505 3004 nec

245 3050 338 3110 alicui
372 3051 459 3130 prius
493 3047 613 3130 prelata
639 3052 722 3111 bona
755 3049 857 3111 lassus
889 3048 1008 3112 luisset.
1043 3085 1083 3093 -
1118 3049 1241 3110 Eodem
1274 3049 1326 3111 die
1352 3048 1504 3110 Nicolaus

248 3156 401 3216 Palamini
427 3155 465 3215 de
484 3155 603 3233 judicio
629 3155 771 3233 judicum
789 3157 950 3217 seniorum
974 3176 1037 3217 non
1057 3169 1227 3217 contentus
1250 3156 1290 3216 ad
1316 3155 1503 3236 magistrum

243 3260 501 3322 thavernlcorum
531 3262 713 3342 appellavit.

353 3384 478 3445 Eodem
503 3384 555 3445 die
581 3385 611 3445 in
638 3404 731 3445 causa
757 3386 838 3446 inter
863 3384 1030 3446 dominum
1051 3383 1180 3445 Gallum
1200 3383 1447 3465 prebendarium
1474 3398 1505 3445 et

245 3490 434 3552 Michaelem
471 3490 659 3571 Oprasnych
693 3490 844 3568 judicem,
876 3491 1017 3551 seniores
1041 3489 1161 3568 judices
1193 3490 1387 3551 sentenciam
1420 3488 1503 3568 jura-

243 3610 347 3657 torum
375 3596 405 3655 in
430 3595 490 3656 hoc
516 3598 743 3676 approbarunt,
768 3595 856 3676 quod
887 3595 1035 3658 videlicet
1061 3594 1196 3656 Michael
1230 3593 1420 3678 Oprasnych
1444 3613 1503 3676 pro

243 3721 275 3762 se
301 3715 331 3761 et
357 3720 453 3761 uxore
478 3721 533 3762 sua
560 3701 661 3779 jurare
680 3702 805 3779 debeat,
831 3716 864 3761 ut
890 3702 947 3782 ipsi
966 3700 1063 3761 nichil
1088 3701 1216 3781 penitus
1240 3720 1344 3761 rerum
1364 3699 1501 3762 condam

244 3808 368 3868 Nicolai
395 3807 619 3891 Wydlrowych
651 3808 736 3889 apud
766 3828 799 3869 se
831 3807 994 3883 haberent,
1026 3807 1114 3887 quod
1146 3807 1170 3867 si
1197 3806 1410 3887 juramentum
1436 3826 1501 3868 non

245 3914 463 3995 deposuerint,
479 3914 616 3974 florenos
630 3914 740 3995 viginti
755 3913 888 3974 domino
903 3912 999 3974 Gallo
1012 3913 1135 3972 solvere
1153 3913 1300 3991 debeant,
1318 3911 1378 3974 hoc
1394 3927 1501 3974 tamen

243 4019 365 4096 addito,
391 4020 477 4100 quod
506 4021 572 4100 ipse
598 4020 749 4080 dominus
782 4018 896 4080 Gallus
928 4018 1030 4095 iurare
1056 4018 1143 4099 prius
1175 4018 1290 4079 debeat
1314 4017 1403 4099 quod
1434 4018 1502 4100 ipse

244 4125 366 4185 nullam
393 4125 665 4206 composicionem
685 4143 757 4184 cum
776 4124 941 4184 leronimo
960 4124 1115 4183 Palamini
1141 4143 1198 4204 pro
1216 4121 1274 4184 hac
1298 4123 1502 4204 obligatione

242 4232 292 4291 vel
318 4231 459 4291 eiusdem
487 4245 629 4312 pretextu
655 4230 796 4306 haberet,
821 4246 850 4291 ct
875 4229 962 4309 quod
983 4229 1080 4289 nichil
1106 4230 1136 4289 in
1163 4244 1281 4291 sortem
1299 4229 1412 4311 viginti
1430 4229 1501 4293 flor.

243 4357 324 4417 quos
349 4337 497 4416 requirit,
523 4338 562 4397 ab
588 4337 656 4417 ipso
682 4336 846 4397 leronimo
868 4336 1045 4417 recepisset,
1071 4350 1100 4394 et
1125 4334 1184 4395 hoc
1217 4334 1294 4396 leria
1319 4349 1405 4397 sexta
1431 4349 1502 4417 post

244 4458 372 4503 octavas
398 4443 656 4503 liesurrcccionis
681 4442 742 4504 liat.
778 4478 815 4486 —
852 4441 973 4501 Eodem
1008 4440 1057 4500 die
1085 4441 1220 4502 lllicliael
1248 4440 1437 4524 Oprasnych
1461 4441 1502 4504 de

243 4549 363 4629 judicio
387 4547 531 4627 judicum
563 4548 726 4609 seniorum
759 4567 823 4608 non
857 4560 1025 4607 contentus
1049 4545 1088 4606 ad
1121 4547 1308 4627 magistrum
1340 4546 1486 4610 thaverni

242 4673 353 4717 cotum
377 4654 560 4736 appellavit.
