3502 5264
611 322 698 378 Anno
722 330 810 395 1507.
837 352 875 362 —
901 332 951 377 22.
971 321 1117 391 januarii.
1439 317 1495 396 165

234 529 296 593 iata
322 550 402 592 uxor
429 530 582 592 Sinkonis
598 530 708 607 texuit,
733 542 764 592 et
788 549 825 590 ex
843 548 907 610 quo
926 528 985 590 fuit
1002 530 1085 592 dicte
1098 530 1159 591 tele
1178 549 1278 610 usque
1296 531 1335 591 sd
1353 530 1498 612 quinque

233 636 326 696 ulnas
352 634 412 696 fuit
435 634 589 712 defectus,
613 636 755 697 seniores
783 634 905 715 judices
935 635 1169 715 adiudicnrunt,
1194 636 1282 717 quod
1308 636 1392 697 idem
1417 655 1498 698 uxor

234 741 308 803 dicti
335 741 488 803 Sinkonis
511 761 606 824 super
631 761 716 802 aram
749 756 857 803 sancte
883 741 995 803 Crucis
1027 741 1130 821 jurare
1163 743 1293 804 debebit
1316 742 1404 825 quod
1430 743 1496 824 ipss

234 865 264 909 et
277 868 382 929 neque
396 868 467 910 cum
486 848 566 909 scitu
579 868 637 909 suo
655 848 781 910 nullum
799 846 959 909 defectum
977 846 1094 929 (fecit);
1111 849 1136 909 si
1155 868 1231 910 vero
1248 847 1370 931 prefata
1382 849 1498 911 mulier

234 973 298 1015 non
324 954 485 1035 juraverit,
511 969 625 1016 extunc
650 955 795 1015 convicta
821 970 876 1016 est.

343 1060 484 1121 Sabbato
510 1059 561 1121 die
590 1075 663 1121 ante
697 1061 811 1122 festum
846 1059 1077 1122 Conversionis
1108 1061 1191 1122 besti
1225 1061 1326 1138 Pauli,
1357 1062 1499 1123 seniores

233 1165 355 1246 judices
380 1186 506 1227 causam
526 1181 646 1227 motam
673 1167 754 1228 inter
773 1166 913 1227 liranum
931 1168 1090 1228 seniorem
1109 1166 1247 1247 judicem
1265 1182 1294 1228 et
1320 1166 1497 1249 Georgium

233 1272 386 1335 colonum
411 1272 450 1334 de
477 1273 653 1354 walysns
678 1287 709 1334 et
733 1291 789 1353 per
813 1271 932 1351 juratos
962 1272 1177 1349 adjudicatam
1203 1273 1331 1334 racione
1356 1273 1495 1335 duorum

235 1379 346 1457 boum,
370 1397 452 1459 quos
477 1379 542 1461 ipse
569 1378 656 1440 dicto
682 1377 824 1459 Georgio
856 1378 895 1438 sd
929 1398 1044 1459 pascus
1069 1378 1200 1440 dederat
1232 1393 1263 1440 et
1287 1378 1372 1441 fures
1395 1380 1498 1441 noctis

234 1484 265 1544 in
290 1484 425 1546 silencio
451 1483 553 1546 dictos
570 1486 667 1546 boves
691 1484 731 1546 de
754 1485 841 1544 curia
857 1481 967 1546 furtim
986 1485 1191 1560 abstulerant,
1209 1485 1352 1547 seniores
1375 1484 1497 1565 judices

235 1605 330 1672 prout
355 1591 457 1651 eciam
483 1589 574 1667 jurati
600 1590 824 1670 adjudicarunt
853 1605 883 1651 et
915 1589 1144 1652 confirmarunt
1169 1591 1208 1651 de
1240 1591 1406 1652 solucione
1430 1589 1495 1652 dic-

232 1712 340 1758 torum
363 1698 495 1774 bovum,
527 1711 659 1779 excepto
691 1696 779 1778 quod
816 1695 900 1757 idem
936 1697 1019 1758 lwan
1046 1698 1152 1758 senior
1185 1696 1278 1773 judex
1302 1694 1381 1759 seria
1410 1710 1497 1758 sextu

234 1803 316 1864 inter
340 1817 468 1864 octavas
494 1803 611 1864 Pasche
638 1803 768 1865 Domini
794 1802 897 1883 jurare
915 1802 1044 1864 debebit
1069 1804 1203 1885 utquid
1230 1803 1304 1865 dicti
1329 1805 1428 1865 boves
1445 1823 1496 1865 va·

233 1908 309 1970 loris
331 1905 473 1970 suerunt.
