3502 5264
275 327 316 409 76
653 327 739 385 Anno
762 341 856 406 1492.
882 361 924 371 —
948 340 996 404 27.
1012 329 1163 404 januarii.

320 545 416 619 Faria
445 560 542 619 sexta
572 549 726 636 proxima
755 555 829 635 post
868 546 988 618 festum
1019 545 1251 619 Conversionis
1281 550 1369 620 beati
1400 548 1495 620 Pauli

832 671 987 759 apostoli.

781 827 843 900 (27.
865 822 1035 902 januaris).

384 968 522 1030 Causam
541 968 622 1028 inter
636 966 810 1029 Martinum
822 965 1033 1048 Dwmowych
1047 982 1078 1028 et
1092 968 1214 1028 Lucam
1227 967 1397 1050 Rybarych
1412 969 1540 1030 racione

278 1089 308 1137 et
325 1089 471 1158 pretextu
488 1073 654 1135 cuiusdam
674 1073 775 1151 bovis,
793 1092 890 1154 quem
907 1072 1081 1154 suspiciose
1099 1073 1184 1135 idem
1204 1074 1359 1135 Martinus
1376 1073 1416 1135 ad
1433 1075 1537 1155 ipsum

279 1179 450 1265 Rybarych
475 1180 602 1242 dicebat
627 1193 657 1241 et
674 1180 833 1240 asserebat
858 1179 1017 1258 habuisse,
1042 1179 1134 1261 jurati
1153 1179 1428 1260 adjudicaverunt,
1453 1180 1541 1260 quod

282 1289 384 1349 Lucas
402 1285 571 1371 Rybarych
588 1287 627 1348 ad
646 1285 959 1367 quintumdecimum
985 1285 1070 1347 diem
1089 1285 1271 1348 terciusmct
1289 1285 1418 1348 habebit
1434 1286 1538 1367 jurare

279 1395 311 1455 in
336 1414 389 1455 ara
413 1405 519 1455 sancte
545 1392 669 1469 Crucis,
699 1391 787 1473 quod
813 1393 879 1473 ipse
905 1392 1007 1453 Lucas
1039 1393 1154 1454 bovem
1188 1392 1286 1474 ipsius
1311 1392 1439 1454 Martini
1472 1411 1538 1453 non

280 1501 398 1582 recepit
423 1519 527 1580 neque
552 1498 643 1560 scivit
667 1499 835 1579 quitquam
861 1497 900 1558 de
918 1498 1000 1559 bove
1024 1517 1082 1560 suo
1100 1517 1206 1579 neque
1230 1499 1393 1578 cognitum
1419 1498 1541 1577 habuit,

281 1622 311 1668 er
336 1626 394 1667 nec
419 1606 510 1667 scivit
536 1607 617 1666 inter
642 1606 741 1666 boves
756 1623 831 1665 suos
849 1623 923 1665 eum
945 1623 1011 1665 esse
1035 1618 1066 1665 et
1082 1624 1188 1685 neque
1205 1604 1271 1686 ipse
1296 1605 1438 1685 aliquam
1457 1604 1543 1665 utili·

279 1727 375 1774 tatem
401 1712 440 1772 de
466 1731 504 1773 eo
530 1713 612 1773 bove
638 1710 788 1793 percepit.

387 1819 464 1880 Item
490 1838 584 1879 causa
617 1818 698 1878 inter
727 1818 846 1878 Lucam
880 1817 1048 1901 Rybarycz
1072 1831 1104 1878 er
1130 1817 1263 1877 Elenam
1296 1815 1457 1878 Chernam
1490 1817 1544 1878 ubi

282 1927 348 2008 ipse
375 1926 476 1986 Lucas
501 1924 540 1986 ad
566 1923 702 1986 eandem
728 1922 855 1984 dicebat
879 1923 1053 2004 quemdam
1079 1923 1195 1984 bovem
1220 1941 1313 1983 suurn
1340 1937 1370 1984 ct
1394 1942 1449 2004 per
1473 1941 1543 1983 eant

280 2032 483 2114 deperditum
509 2028 589 2109 fore,
606 2051 643 2091 ex
661 2049 726 2111 quo
744 2030 776 2091 in
794 2029 893 2091 domo
918 2029 985 2112 ipsa
1007 2029 1107 2091 Elena
1126 2029 1254 2091 Cherna
1271 2028 1410 2091 eundem
1428 2030 1545 2091 bovem

280 2139 479 2200 concluserat
504 2151 534 2199 et
566 2138 611 2198 sic
642 2136 752 2214 evasit,
787 2135 880 2216 jurati
912 2134 1188 2216 adjudicaverunt,
1220 2135 1307 2216 quod
1341 2135 1408 2217 ipsa
1441 2135 1542 2196 Elena

281 2244 408 2306 Cherna
441 2244 684 2324 quintodecimo
717 2242 768 2304 die
798 2242 902 2325 jurare
934 2242 1064 2304 habebit
1087 2243 1166 2319 sola,
1189 2242 1276 2323 quod
1309 2242 1377 2324 ipsa
1409 2243 1542 2304 omnino

280 2349 405 2431 ignorat
418 2369 483 2431 quo
501 2350 567 2432 ipse
585 2350 642 2410 bos
659 2348 839 2411 devenisset
859 2368 917 2411 nec
942 2368 1013 2410 curn
1032 2349 1112 2409 scitu
1130 2348 1229 2430 ipsius
1248 2347 1432 2430 deperditus
1450 2347 1542 2410 foret.
