3502 5264
241 563 342 626 filium
368 562 543 625 meretricis
567 575 597 624 et
620 579 752 622 uxorem
776 578 867 620 suam
890 556 1100 634 meretricem,
1126 555 1200 617 ideo
1226 553 1408 637 Stephanus
1432 554 1501 615 lite·

241 687 326 734 ratus
350 671 444 732 debet
468 671 624 753 aprobare
648 667 736 750 quod
761 667 827 748 ipse
852 679 932 726 esset
948 663 1032 726 filius
1056 663 1231 726 meretricis
1255 678 1285 724 et
1310 682 1391 724 uxor
1420 662 1506 724 eius·

245 778 320 839 dem
344 778 504 855 meretrix,
529 775 567 837 ad
594 773 735 836 futurum
760 773 900 855 primum
918 771 1085 851 judicium.

348 883 425 944 Item
451 902 545 944 causa
570 883 651 943 inter
683 880 869 942 Katarinam
900 878 999 940 filiam
1031 877 1169 940 condam
1196 878 1334 939 Emeriei
1361 877 1505 938 Trakula

242 991 317 1052 dicti
343 1010 378 1052 ec
403 1009 536 1052 uxorem
561 988 691 1050 Martini
709 987 825 1050 literati
851 986 890 1048 de
908 986 1050 1047 Abbacia
1067 1005 1103 1046 ac
1128 985 1210 1046 inter
1234 1004 1365 1046 uxorem
1384 983 1504 1045 Valen-

243 1097 301 1159 tini
327 1096 505 1159 Continsair
530 1095 659 1157 racione
684 1094 922 1177 possessionum
955 1090 1067 1174 prefati
1096 1092 1234 1153 condam
1260 1091 1398 1153 Emerici
1424 1090 1505 1151 Tra·

242 1204 316 1266 kula
340 1203 438 1286 patris
464 1201 585 1285 prefate
611 1202 762 1264 Ketarine
786 1199 851 1261 filie
876 1199 1031 1276 eiusdem,
1056 1199 1143 1280 quod
1169 1199 1255 1260 idem
1282 1218 1361 1260 uxor
1384 1197 1503 1259 Valen-

241 1311 299 1373 tini
325 1310 440 1373 debeat
468 1309 544 1371 dare
568 1310 774 1371 medietatem
800 1306 926 1385 domus,
950 1307 1041 1367 vinee
1067 1321 1097 1368 et
1120 1305 1240 1387 (h)orti.

438 1528 533 1601 Feria
563 1527 668 1602 tercia
696 1527 730 1600 in
757 1529 874 1617 vigilia
903 1529 994 1599 beati
1023 1525 1149 1598 Thone
1178 1525 1335 1614 apostoli.

737 1684 803 1756 (20.
827 1683 1000 1755 decembris).

346 1825 422 1887 Item
448 1844 541 1886 cause
559 1825 640 1886 inter
666 1824 800 1886 Paulum
818 1823 1016 1886 aurifabrum
1034 1838 1065 1885 et
1082 1824 1261 1886 iohannem
1289 1821 1502 1904 Soldinarych

244 1932 371 1994 racione
389 1931 604 2014 quorumdam
630 1933 728 1993 boum
756 1932 953 2014 recepcionis
971 1931 1113 1993 decuria
1140 1931 1283 1992 eiusdem
1312 1930 1401 1991 Pauli
1419 1930 1504 1990 auri·

244 2034 324 2100 fabri
350 2036 464 2116 judicis
488 2056 526 2098 eo
549 2051 706 2119 tempore,
731 2053 762 2099 et
786 2038 872 2099 idem
905 2038 1067 2100 Johannes
1099 2037 1312 2120 Soldinarych
1337 2037 1433 2098 debet
1457 2056 1504 2097 re·

243 2143 402 2226 spondere
427 2144 532 2205 eidem
558 2143 659 2205 Paulo
683 2142 844 2206 aurifabro
868 2144 908 2205 ad
933 2145 1071 2226 primurn
1101 2143 1244 2206 futurum
1270 2144 1436 2223 judicium.

350 2250 427 2312 Item
454 2251 486 2311 in
518 2269 611 2311 causa
646 2250 800 2312 Demetrii
834 2251 914 2313 Sicci
952 2266 983 2314 et
1015 2252 1169 2313 Jacobum
1202 2266 1343 2313 sutorem
1377 2250 1504 2312 racione

243 2357 411 2418 cuiusdam
435 2358 539 2435 vinee,
563 2376 660 2438 quarn
689 2358 815 2419 vineam
848 2359 1036 2420 vendiderat
1069 2358 1203 2420 honesta
1236 2358 1352 2419 mulier
1377 2357 1500 2438 Marga-

244 2463 332 2525 retha
356 2464 521 2548 Veryczna
545 2464 629 2525 dicta
654 2463 782 2526 cuidam
800 2465 935 2543 homini,
956 2466 1138 2528 Demetrius
1155 2479 1262 2528 autem
1281 2465 1362 2526 Sicci
1388 2477 1503 2526 aresta·

245 2585 334 2633 verat
357 2570 492 2632 eandem
510 2571 637 2632 vineam
655 2591 718 2652 qua
735 2571 870 2649 vicinus,
887 2592 923 2634 err
948 2592 1014 2654 quo
1031 2594 1106 2635 eum
1123 2574 1225 2655 magis
1241 2573 1505 2647 concernebatur‚

243 2696 341 2758 quam
374 2691 492 2740 serarat
523 2679 605 2739 bene
636 2679 726 2759 quasi
759 2698 815 2761 per
846 2679 929 2741 duos
960 2699 1061 2742 annos
1086 2696 1116 2742 et
1146 2670 1273 2742 nulium
1298 2678 1438 2740 fructum
1463 2679 1502 2739 ab

246 2783 321 2846 inde
347 2785 476 2867 recepit,
509 2784 607 2845 modo
631 2797 738 2846 autem
771 2786 908 2848 Jacobus
936 2803 1038 2849 sartor
1070 2789 1101 2848 in
1126 2806 1262 2869 persona
1296 2786 1426 2846 illorum
1459 2784 1505 2862 ju·

244 2908 363 2951 venum
388 2889 529 2952 filiorum
555 2890 698 2952 eiusdem
717 2891 861 2953 mulieris
885 2909 916 2956 et
932 2894 1081 2955 arestavit
1098 2894 1237 2971 vineam,
1262 2891 1354 2971 jurati
1380 2889 1505 2970 adjudi-

244 3010 406 3074 caverunt,
430 2996 516 3058 idem
543 2996 724 3059 Demetrius
757 2997 838 3060 Sicci
864 2999 960 3061 debet
992 3000 1206 3080 juramentum
1240 2998 1402 3079 deponere
1427 2995 1505 3057 feria

244 3116 330 3164 sexta
356 3103 437 3164 inter
461 3116 589 3164 octavas
614 3104 867 3186 Epiphaniarum
888 3106 1019 3168 Domini
1044 3126 1244 3188 superarem
1268 3121 1374 3165 sancte
1392 3102 1505 3165 Crucis

244 3227 415 3290 supereo,
439 3223 594 3289 quantum
621 3210 688 3292 ipse
712 3213 859 3294 exposuit
883 3212 922 3273 ad
947 3213 1083 3275 eandem
1101 3213 1228 3274 vineam
1252 3226 1282 3272 et
1307 3211 1401 3271 debet
1417 3208 1505 3269 satis·

246 3311 349 3376 iacere
374 3315 433 3397 ipsi
451 3315 591 3376 Jacobus
608 3331 728 3392 sarton
753 3317 839 3379 idem
864 3319 1002 3381 Jacobus
1017 3334 1118 3381 sartor
1144 3319 1325 3380 inhibuerat
1349 3314 1504 3398 quasdam

246 3421 386 3497 arbores,
411 3421 477 3502 ipse
503 3420 587 3482 idem
612 3423 671 3483 sibi
698 3424 792 3485 debet
816 3426 950 3502 remitti;
976 3427 1112 3488 eandem
1137 3446 1265 3488 causam
1290 3422 1431 3507 prefatus
1456 3421 1506 3483 Ja-

246 3527 346 3587 cobus
369 3526 408 3586 ad
431 3528 574 3588 seniores
597 3530 784 3611 appellavit.

353 3631 430 3693 Item
456 3653 548 3694 causa
583 3634 664 3695 inter
689 3635 895 3699 Dominicum
928 3640 1101 3723 Perowych
1134 3654 1165 3702 et
1189 3640 1369 3701 iohannem
1403 3635 1508 3698 Soldi·

247 3737 366 3820 narych
390 3740 517 3800 racione
543 3742 756 3821 quarumdam
783 3745 963 3824 met(ar)um
982 3747 1209 3828 aprobaeione‚
1236 3747 1321 3807 idem
1347 3744 1509 3806 Johannes

248 3843 450 3906 Soldinarich
475 3865 547 3908 cum
573 3849 719 3929 promisit
742 3869 775 3911 se
799 3854 947 3933 aprobari
974 3854 1145 3916 literatorie
1171 3869 1201 3915 et
1225 3855 1299 3914 vivo
1324 3850 1509 3913 testimonio

247 3950 376 4012 easdem
401 3964 500 4014 metas
524 3952 563 4011 ad
589 3952 728 4033 primurn
753 3953 895 4018 futurum
922 3957 1087 4031 judicium.
