3502 5264
625 365 712 423 Anno
736 377 820 440 1511.
844 400 888 410 -
911 380 962 440 29,
986 367 1114 442 augusti.
1445 384 1506 448 203

244 593 337 636 causa
362 576 490 637 cuidam
524 576 689 657 jobagioni
723 592 833 638 nostro
866 577 1045 660 Mykrrlecb
1071 578 1158 639 dicto
1191 578 1229 639 de
1254 577 1403 641 Grachan
1429 594 1508 641 met·

243 698 332 743 sexto
358 683 389 743 in
414 704 466 744 ara
491 699 597 745 sancte
623 683 736 746 Crucis
759 684 976 765 juramentum
1006 685 1168 766 deponere
1201 685 1341 762 deberet,
1375 686 1506 747 adveni-

244 802 314 849 ente
349 790 456 870 itaque
488 791 627 852 termino
661 791 880 871 juramentalis
911 791 1147 873 deposicionis,
1180 791 1274 870 judex
1299 808 1405 854 noster
1438 807 1506 855 tum

243 896 407 976 egregium
434 897 602 959 dominum
621 898 826 959 Franciscum
846 898 967 959 Keczer
984 898 1276 960 administratorem
1294 899 1508 980 episcopatus,

242 1015 376 1082 tumque
402 1003 546 1064 nobilem
579 1003 758 1085 Georgium
789 1005 941 1065 curialem
971 1005 1174 1086 episcopatus
1203 1005 1290 1067 curie
1315 1005 1508 1086 episcopalis

243 1108 413 1170 admonuit
437 1109 476 1170 ad
502 1111 700 1172 audiendum
719 1125 750 1172 et
774 1110 950 1171 videndum
969 1110 1154 1171 huiusmodi
1172 1110 1392 1190 juramentalis
1408 1111 1507 1192 depo·

241 1215 372 1276 sicionis
396 1215 435 1277 ad
461 1215 619 1297 prefatum
644 1218 818 1278 terminum
843 1217 873 1278 in
899 1216 966 1296 jure
984 1217 1198 1297 assignatum
1224 1217 1413 1299 quiquidem
1438 1230 1505 1278 tum

243 1322 395 1384 dominus
413 1324 599 1384 Franciscus
616 1338 748 1404 tumque
766 1322 906 1405 prefatus
924 1321 1085 1403 Georgius
1106 1323 1234 1384 curialis
1251 1323 1290 1383 ad
1309 1323 1506 1384 audiendum

242 1429 428 1490 huiusmodi
453 1429 668 1508 juramentum
695 1430 819 1489 mittere
844 1445 1028 1490 recusarunt
1060 1444 1091 1490 et
1116 1448 1220 1511 neque
1254 1445 1415 1493 curarunt.
1441 1431 1508 1491 Nos

242 1536 328 1597 enim
354 1556 412 1616 pto
430 1535 543 1614 majori
568 1535 690 1596 cautela
708 1535 785 1615 juris
812 1536 911 1596 nostri
936 1551 966 1596 et
991 1536 1200 1616 jobagionum
1230 1550 1411 1597 nostrorum
1437 1557 1506 1619 pre·

243 1641 343 1703 iatum
363 1642 540 1725 Mykwlecz
558 1656 746 1704 metsextum
773 1642 876 1720 jurare
899 1643 1009 1704 debuit
1033 1658 1129 1725 prout
1151 1643 1369 1722 adjudicatum
1394 1643 1507 1723 iuerat,

242 1749 443 1830 presentibus
468 1749 587 1809 ibidem
613 1749 776 1810 nobilibus
808 1749 953 1811 iohanne
978 1750 1017 1810 de
1051 1749 1192 1827 Pezerio,
1219 1749 1338 1811 Mathia
1371 1750 1410 1812 de
1437 1752 1506 1813 Μο-

243 1855 379 1932 rawcha,
404 1857 458 1937 qui
485 1856 515 1916 in
541 1854 661 1937 prefata
687 1855 888 1933 juramentali
914 1855 1121 1937 deposicione
1150 1854 1364 1917 interfuerunt
1396 1857 1503 1918 etalii

242 1962 449 2043 quamplures
472 1963 511 2022 ad
537 1962 688 2043 premissa
715 1963 829 2023 vocati.

347 2069 555 2128 Ammonitas
580 2086 655 2128 vero
687 2067 828 2149 prefatus
852 2067 1012 2149 Georgius
1044 2070 1171 2131 curialis
1202 2071 1290 2131 curie
1314 2072 1506 2154 episcopalis

242 2194 297 2255 pet
322 2175 477 2235 iacobum
503 2174 660 2235 decanum
687 2189 716 2234 et
742 2174 942 2256 Stephanum
975 2173 1168 2257 ireniparem
1202 2177 1350 2238 concives
1382 2193 1507 2240 nostros

242 2279 281 2340 ad
306 2280 500 2340 audiendam
526 2279 681 2361 prefatam
700 2281 869 2361 juramenti
887 2280 1128 2362 depositionem
1155 2283 1358 2363 presentibus
1384 2283 1505 2345 ibidem

241 2387 405 2446 nobilibus
431 2386 561 2446 Thoma
586 2386 781 2468 Farkassych
807 2401 838 2448 et
863 2387 1008 2448 iohanne
1036 2388 1271 2468 Magdalenich.
