3502 5264
246 368 282 410 10
609 345 811 429 Ann01482.
837 383 878 394 -
901 364 956 429 19.
971 346 1123 428 Jitnuart'r'.

242 577 324 625 trare
346 584 363 625 a
389 564 630 642 communitate,
662 564 860 645 ulteriusque
892 563 1062 647 premissas
1093 562 1252 625 novitates
1275 576 1306 624 et
1329 561 1509 646 superfluus

241 671 428 733 eraccioues
454 685 643 753 extorquere
669 685 699 732 et
718 671 843 751 exigere
868 689 932 732 non
959 669 1090 732 debebit
1106 688 1212 750 neque
1236 682 1445 751 presummat.
1470 668 1505 731 ln

241 778 395 858 premissa
409 797 502 840 causa
520 776 580 840 luit
596 791 784 860 procurator
801 776 1042 839 communitatis
1054 775 1251 838 Laurencius
1264 775 1383 858 Sporsr
1397 775 1508 838 senior

241 882 347 964 judex,
371 885 427 966 qui
452 885 490 946 de
517 885 669 967 premissa
700 882 943 966 adjudicacione
967 902 1033 945 non
1066 895 1235 945 contentus
1266 880 1441 965 appellavit
1464 881 1506 944 sd

240 990 382 1052 seniores
406 1011 534 1053 causam
559 991 746 1072 predictam.

348 1116 486 1179 Causam
524 1117 605 1178 inter
636 1115 853 1178 Laurencium
891 1114 1051 1176 seniorem
1091 1111 1230 1196 judicem
1262 1126 1504 1195 procuratorem

242 1223 484 1285 communitatis
508 1236 538 1284 et
562 1222 725 1284 Thomam
746 1222 903 1283 famulum
922 1220 1068 1303 Dyonisii
1095 1219 1288 1282 balneatoris
1311 1219 1506 1297 racionem,

242 1329 330 1410 quod
357 1329 423 1412 ipse
448 1329 594 1391 Thomas
617 1329 697 1390 dixit
714 1329 802 1410 quod
821 1346 986 1409 nunquam
1004 1327 1073 1387 vult
1097 1325 1207 1388 radere
1223 1324 1402 1407 predictum
1421 1325 1506 1387 Lau·

242 1436 397 1514 cencium,
421 1435 513 1515 jurati
541 1435 815 1516 adjudicaverunt,
829 1434 917 1516 quod
932 1454 969 1495 ex
994 1452 1059 1515 quo
1084 1433 1150 1514 ipse
1175 1446 1222 1495 est
1246 1430 1395 1511 famulus,
1419 1431 1503 1495 liber

242 1558 288 1605 est
312 1562 408 1624 quem
434 1543 503 1604 vult
527 1544 578 1605 vel
602 1563 668 1605 nott
694 1543 763 1604 vult
787 1542 916 1617 raderc;
941 1540 980 1603 de
1005 1559 1071 1622 quo
1088 1539 1208 1622 judicio
1225 1537 1366 1622 prelatus
1388 1558 1504 1622 procu·

242 1663 327 1711 rator
352 1668 415 1712 non
440 1663 610 1712 contentus
634 1649 808 1732 appellavit
831 1648 934 1730 ipsam
959 1666 1087 1710 causam
1111 1645 1151 1709 ad
1175 1645 1327 1709 seniores.

244 1906 389 1978 Sabbato
418 1911 570 1997 proximo
600 1917 675 1998 post
704 1909 826 1980 festum
854 1909 951 1980 beate
979 1908 1095 1980 Prisce
1125 1903 1267 1995 virginis
1286 1911 1319 1977 et
1338 1903 1503 1978 martiris.

750 2082 814 2157 (19.
830 2079 997 2158 junuarii).

349 2237 454 2301 Causs
480 2240 561 2302 inter
585 2240 750 2302 Matheum
775 2239 954 2322 Spilwsych
986 2253 1017 2302 et
1041 2238 1209 2300 dominum
1235 2236 1412 2317 Georgium
1436 2235 1504 2318 ple·

244 2346 363 2407 banum
388 2347 519 2409 ecclesie
543 2347 641 2409 sancti
668 2347 795 2408 Martini
817 2347 856 2410 de
880 2347 1035 2409 suburbio
1059 2344 1338 2426 illontisgrecensis
1370 2342 1500 2404 racione

243 2453 411 2516 cuiusdam
434 2454 550 2516 domus
574 2468 604 2516 et
629 2455 723 2516 unius
746 2455 829 2515 vasis
854 2473 908 2535 per
932 2453 1051 2533 juratos
1080 2452 1218 2530 iudicata
1242 2465 1273 2514 et
1296 2450 1336 2512 ad
1360 2449 1503 2512 seniores

243 2561 414 2641 appellata,
438 2562 580 2624 seniores
602 2561 877 2633 adjudicaverunt,
899 2561 975 2641 quia
992 2559 1144 2621 dominus
1168 2557 1329 2638 Georgius
1345 2556 1504 2638 plebanus

244 2665 385 2746 prelatus
409 2668 440 2728 in
466 2668 533 2748 ipsa
565 2667 664 2728 domo
696 2682 818 2729 certum
851 2686 950 2728 unum
983 2687 1038 2728 vas
1066 2685 1124 2748 pro
1156 2664 1273 2726 debitis
1295 2663 1413 2745 quibus
1436 2662 1503 2744 ipse

244 2771 391 2834 Mattheus
415 2772 584 2857 Spilusych
609 2774 781 2855 prescripte
806 2773 939 2834 ecclesie
971 2772 1111 2854 plebano
1136 2791 1194 2854 pro
1216 2786 1361 2853 tempore
1385 2767 1503 2830 cousti-

243 2893 312 2939 tuto
336 2880 550 2961 obligabatur,
575 2899 632 2962 pro
656 2900 690 2941 se
706 2879 846 2941 radiarit
859 2892 890 2939 et
913 2880 1094 2960 occupavit,
1111 2878 1199 2961 quod
1224 2892 1334 2960 postea
1357 2875 1398 2937 ad
1422 2873 1504 2957 peti·

244 2986 370 3047 cionem
395 2986 507 3068 prelsti
533 2986 650 3048 llsthei
676 2986 781 3049 eidem
799 2987 963 3048 extradere
987 2986 1144 3048 recusarit
1167 2987 1224 3048 sed
1241 3005 1299 3066 pro
1315 3003 1348 3044 se
1372 2980 1503 3043 retinuit

244 3110 274 3154 et
298 3094 413 3155 retinet
436 3094 477 3156 de
494 3094 644 3176 presenti.
661 3093 735 3154 ideo
753 3095 820 3175 ipse
836 3093 989 3155 dominus
1013 3092 1173 3174 Georgius
1189 3092 1347 3174 plebanus
1361 3091 1502 3172 seipsum

244 3201 439 3260 contentus-it
464 3220 523 3261 nec
547 3202 638 3282 plura
655 3200 762 3261 debita
786 3219 883 3282 super
899 3200 1003 3282 ipsum
1029 3200 1196 3280 exquirere
1224 3212 1330 3281 potest
1346 3207 1502 3277 quantum

244 3320 388 3385 pretextu
413 3307 499 3367 illius
522 3304 651 3371 (lomus.
676 3308 742 3386 ipse
767 3326 843 3367 tero
868 3305 1014 3367 llatheus
1045 3324 1242 3367 econverso
1266 3304 1362 3366 habet
1385 3321 1444 3384 pro
1467 3320 1501 3361 se

244 3412 378 3472 liberem
404 3414 504 3493 ipsam
529 3414 662 3474 clunium
690 3412 868 3494 occupsncli
887 3411 1081 3481 lscultstem.
1099 3413 1140 3473 its
1158 3428 1278 3477 temen.
1301 3408 1390 3491 quod
1411 3407 1501 3469 dein-

244 3536 318 3599 ceps
335 3536 508 3599 proteutus
532 3520 563 3580 in
588 3520 849 3601 suprsnonrinsts
874 3520 962 3580 litera
980 3519 1103 3580 domini
1124 3520 1262 3601 Philippi
1282 3516 1411 3599 plebani
1435 3515 1502 3596 ipse

247 3622 394 3684 llstheus
418 3642 448 3686 et
472 3626 605 3687 heredes
628 3627 676 3686 sui
693 3626 828 3705 singulis
844 3626 936 3685 snnis
959 3642 1127 3687 tenesntur
1144 3626 1325 3707 persoluere
1349 3621 1504 3705 plenarie.

350 3748 455 3809 t'suss
480 3752 562 3811 inter
587 3751 800 3811 laurencium
827 3750 964 3810 ³uclicem
996 3751 1156 3811 seniorem
1181 3766 1210 3811 et
1235 3748 1429 3829 Gregorium
1451 3763 1503 3805 su·

244 3869 345 3916 tutent
373 3854 593 3939 l'stcirpcltlttn
618 3860 745 3917 racione
763 3856 979 3937 quorumdem
1003 3858 1236 3937 irruperiorcm
1260 3872 1290 3917 et
1316 3854 1503 3915 lamnarum

245 3979 302 4040 per
326 3980 429 4041 ipsunt
455 3962 648 4043 Gregoriunt
673 3982 767 4043 super
793 3964 896 4043 ipsunt
923 3963 1136 4023 lsurertciunr
1154 3964 1293 4024 iuciicenr
1318 3962 1364 4023 uti
1388 3960 1504 4020 dicitur

246 4066 277 4126 ier
304 4064 403 4127 eones
416 4089 472 4129 sus
492 4070 662 4135 tutunus.
687 4090 743 4149 pe*
761 4070 879 4130 ueteres
903 4070 1040 4131 ‘ttcizcsts
1060 4087 1089 4132 et
1114 4072 1153 4133 sel
1171 4073 1313 4133 sertiores
1336 4066 1505 4151 appellata.

244 4174 387 4233 seniores
410 4178 685 4241 sti-rasceretur..
711 4196 785 4257 setes
810 4176 942 4237 eiciens
962 4192 1180 4239 tesvttettttttt*
1207 4194 1414 4257 reersousrunt
1438 4190 1505 4255 quo

245 4280 284 4339 sl
309 4278 538 4341 sertis-enectus
572 4298 748 4343 test··.·.to:·zt
781 4298 923 4361 preterea
956 4286 1044 4361 quei
1077 4302 1182 4347 certes
1205 4290 1265 4347 stb:
1290 4284 1506 4363 „cathepanus

244 4403 461 4447 exposuerent:
487 4388 601 4449 ericius:
621 4410 685 4450 :retr
711 4407 787 4451 sete·
804 4406 825 4455 t.
844 4392 917 4451 :cieo
942 4411 1007 4453 ¹¹ese
1025 4392 1201 4474 titegores
1217 4410 1305 4455 sertor
1323 4392 1505 4452 :erc-{esces

244 4494 340 4555 lebet
368 4514 469 4553 ursre
496 4514 526 4553 :rt
552 4516 602 4561 ee.
626 4498 713 4575 utristi
740 4516 805 4557 ¹ese
839 4518 903 4557 reon
937 4514 1127 4573 sztttpctsrr:
1160 4522 1265 4563 restent
1290 4500 1504 4561 taurensem

246 4600 382 4659 ucircenr
409 4618 466 4660 uec
492 4620 623 4661 :tutte-ss
646 4606 750 4663 eicient
778 4604 903 4670 interint
927 4606 1021 4667 ciclus
1047 4624 1152 4671 settene
1178 4628 1282 4671 utem
1306 4624 1400 4681 eum
1416 4620 1503 4665 sant

244 4722 352 4765 sancte
376 4705 491 4767 tiraces
514 4718 592 4767 terre
615 4722 712 4771 tersis
737 4728 881 4789 poturus
905 4726 977 4789 pest
1001 4724 1119 4777 testum
1139 4718 1222 4779 Mn
1249 4714 1338 4779 tur-„ts
1353 4708 1503 4789 assecli-
